3978 6238
446 241 579 305 1447
1593 234 1681 292 BA
1692 229 1998 292 RTHOLO

2109 228 2160 287 BI
2200 225 2576 288 EDESSENI
3564 220 3700 284 1448

443 373 663 421 vacare,
700 364 755 410 et
777 354 882 408 tuis
942 351 1387 407 inelinatioaibus
1448 358 1502 402 et
1556 347 2001 417 prostrationibus

2118 340 2405 413 μασγίδιόν
2428 356 2553 405 σου,
2588 337 2728 408 τὶςή
2758 335 2917 407 χρεία
2949 334 3043 389 τοῦ
3070 333 3396 405 μανδηλίους
3432 335 3552 388 οὐαὶ
3581 354 3700 394 τοις

442 446 608 500 facies
637 456 722 498 tua
764 461 868 498 non
907 444 1243 512 inquinetur.
1283 440 1388 494 Sed
1450 454 1571 493 cum
1627 439 1895 507 tapetibus
1921 437 2001 491 'sil

2118 432 2305 495 κακῶς
2362 431 2654 502 φρονοῦσι,
2709 432 2737 482 6
2779 428 3004 482 τοιαῦτα
3056 428 3293 498 φρονῶν,
3340 428 3457 491 πῶς
3494 429 3700 499 τολμᾷς

439 550 639 591 ornata
666 548 720 590 et
746 547 919 589 strata
950 546 1057 588 tota
1093 547 1498 600 mosquea,quar
1527 529 1823 584 necessitas
1840 529 2001 582 adbut

2117 525 2395 595 ἐρωτῆσαι
2427 523 2793 593 Χριστιανοὺς
2824 521 2943 583 πῶς
2977 520 3357 586 acta-rationata;
3383 519 3607 583 Πάντως
3640 520 3702 573 τὸ

441 628 677 680 tnantilia
714 628 1003 679 admovere
1050 634 1106 677 ut
1139 621 1608 691 conspurcationis
1664 629 1717 674 et
1776 619 2001 673 sordiun

2116 617 2411 686 κεφάλαιον
2446 616 2546 683 τῆς
2582 613 2856 684 σωτηρίας
2884 611 2984 681 τῆς
3009 611 3189 681 ψυχῆς
3220 629 3314 664 σου
3336 611 3493 665 τοῦτό
3524 615 3697 676 ἐστιν,

441 718 919 771 rontatninautinm
952 718 1154 769 vitetur
1180 714 1477 783 periculum
1505 713 1528 764 ?
1554 711 1642 765 Va:
1694 712 1849 766 vobis
1898 724 2001 777 pes

2115 711 2173 762 ὲν
2203 708 2281 777 τῷ
2318 709 2493 759 εἰπεῖν
2526 706 2605 767 εἰς
2634 705 2696 757 τὸ
2742 704 2916 773 ὄνομα
2951 703 3045 755 τοῦ
3079 702 3214 756 Θεοῦ
3247 702 3341 756 τοῦ
3381 703 3695 767 ἐλεοῦντος,

439 809 577 862 sima
610 811 860 875 dogmata
900 808 1225 863 foventibus.
1259 805 1337 861 Tu
1366 806 1454 875 qui
1508 805 1630 857 talia
1665 803 1834 856 sentis
1879 815 2001 868 quo-

2116 802 2209 854 καὶ
2246 798 2341 852 τοῦ
2377 799 2501 867 ὲλεη
2511 800 2691 867 μένου.

441 902 600 952 modo
634 903 797 953 audes
842 900 941 953 hac
976 900 1289 968 importuna
1355 908 1408 951 et
1457 894 1816 950 inverecmnla
1878 890 2136 960 petitione
2173 907 2369 946 vexare
2415 890 2772 952 Christianos,
2834 886 3124 955 quaerendo
3189 885 3318 955 quid
3340 894 3393 938 et
3422 888 3696 952 quomodo

436 993 692 1046 credant?
722 990 853 1044 Tota
882 994 1077 1060 quippe
1107 1006 1314 1044 summa
1337 990 1525 1043 salutis
1567 988 1759 1041 anima:
1814 995 2004 1039 vestrae
2045 985 2096 1038 in
2128 984 2178 1037 id
2210 994 2418 1038 tantum
2463 982 2769 1046 resolvitur,
2840 981 3090 1035 nimirum
3122 992 3179 1033 ut
3205 981 3416 1035 dicatur
3442 997 3455 1032 :
3484 977 3539 1031 ln
3596 995 3697 1030 ιιιιο

441 1090 588 1142 mine
619 1090 709 1142 Dei
749 1089 1083 1143 miseratoris
1116 1098 1171 1139 et
1206 1086 1597 1140 misericordis.

674 1195 822 1251 Finis
855 1198 972 1251 rita:
993 1197 1337 1264 impurissimi
1366 1196 1415 1247 Μ
1427 1195 1769 1249 ultamntedis.

458 1331 915 1355 ΜΚ

2229 1176 2406 1258 Τέλοξ
2440 1192 2546 1245 τοῦ
2574 1192 2719 1255 ,βίου
2749 1190 2856 1243 τοῦ
2888 1188 3223 1255 ἀκαθάρτου
3256 1189 3588 1257 Μουχάμετ.

1474 1483 1897 1596 ΚΑΤΑ
1968 1481 2648 1599 ΜΩΑΜΕΔ.

1222 1876 1854 2002 CONTRA
1952 1875 2917 2005 MUHAMMED.

508 2256 706 2318 Contra
757 2262 1061 2317 Saracenos
1091 2266 1182 2332 qui
1234 2264 1488 2317 dicuntur
1552 2262 1834 2317 :smaelita:
1893 2272 2001 2317 tan.

2182 2262 2340 2316 Κατὰ
2392 2260 2729 2333 Σαρακηνῶν
2778 2260 2826 2314 οἶ
2873 2258 3165 2316 καλοῦνται
3215 2261 3555 2331 Ἰσμαηλῖται
3586 2262 3689 2333 μὲν

437 2372 597 2425 quam
623 2356 691 2409 ab
726 2356 946 2410 Ismaele
1000 2359 1262 2425 originem
1322 2358 1600 2409 ducentes.
1657 2355 1781 2408 Fuit
1820 2366 2007 2409 autem

439 2449 581 2503 ﬁlius
628 2448 946 2509 Ahraltami.
1002 2464 1163 2517 quem
1230 2449 1304 2502 illi
1354 2448 1558 2517 peperit
1617 2447 1761 2516 Agar
1815 2448 2008 2501 ancilla

438 2541 636 2595 Sarrae.
662 2539 743 2594 Ab
776 2540 877 2593 hac
923 2555 1050 2594 vero
1104 2543 1247 2606 Agar
1281 2541 1532 2593 dicuntur
1584 2538 1836 2608 Agat-eui.
1871 2538 2008 2594 Dicti

435 2641 564 2687 sunt
584 2642 763 2685 autem
802 2631 1080 2695 Saraceni,
1112 2631 1273 2700 quia,
1304 2618 1425 2683 cuni
1470 2629 1615 2695 Agar
1670 2630 1826 2683 domo
1860 2629 2006 2698 pulsa

438 2736 534 2785 per
564 2721 835 2773 desertum
864 2729 1071 2772 erraret
1109 2719 1405 2786 palabuuda
1438 2729 1490 2771 et
1527 2716 1805 2771 lstnaelcm
1839 2719 2006 2770 tilium

437 2820 696 2879 gestaret,
754 2811 952 2865 dixerit
1002 2813 1235 2881 angelo:
1280 2811 1413 2864 Sara
1472 2813 1691 2863 domina
1754 2825 1871 2863 mea
1923 2825 2009 2864 me

436 2906 596 2957 domo
623 2904 849 2972 expulit,
885 2914 941 2955 ut
974 2904 1041 2955 ibi
1082 2904 1291 2969 legitur.
1332 2902 1587 2956 Saraceni
1616 2918 1741 2955 vero
1764 2903 1828 2955 ad
1863 2912 1993 2955 tem-

440 3009 567 3062 pora
602 3009 768 3061 usque
792 2994 1134 3061 imperatoris
1200 2995 1427 3048 lleraclii
1459 2996 1672 3047 luerunt
1712 2994 2007 3047 idololatria

436 3093 493 3137 et
528 3083 752 3138 Veneris
798 3086 1200 3154 phOSplioriqne
1225 3087 1417 3140 sideris
1466 3086 1698 3138 cultores
1747 3086 2003 3153 religiosi.

437 3175 579 3242 quod
630 3174 810 3243 lingua
841 3176 1125 3230 vernaCula
1162 3176 1423 3229 vocabant
1450 3173 1659 3238 Gabar,
1691 3177 1831 3241 quod
1889 3189 2004 3226 tua-

435 3283 600 3337 gnum
626 3269 914 3337 signiﬁcat.
950 3269 1073 3321 Istis
1102 3283 1229 3321 vero
1256 3267 1590 3333 temporibus
1623 3276 1776 3318 ortus
1801 3277 1884 3318 est
1926 3266 2006 3318 in-

440 3370 522 3412 ter
550 3359 669 3412 illos
700 3360 1039 3411 Mnhatntned
1080 3360 1361 3427 propheta,
1396 3371 1553 3425 quem
1610 3365 1666 3409 ιιι
1713 3357 2003 3408 niaximum

436 3462 490 3504 ct
518 3453 813 3519 atljutoretu
838 3450 1161 3504 indefessum
1186 3449 1703 3517 deprmdicaverunt.
1728 3447 1857 3500 Erat
1880 3463 2006 3500 vero

2110 2354 2184 2418 ὡς
2214 2356 2321 2411 ἀπὸ
2346 2353 2445 2408 τοῦ
2490 2355 2716 2425 Ἰσμαὴλ
2746 2356 3133 2424 καταγόμενοι.
3168 2354 3295 2416 Υἱὸς
3333 2355 3389 2407 δὲ
3426 2348 3584 2418 οὗτος
3617 2350 3688 2424 ἦν

2107 2447 2201 2499 τοῦ
2252 2446 2532 2516 Ἀϐραὰμ,
2587 2445 2871 2515 γεννηθεὶς
2920 2443 2981 2509 ἐξ
3014 2446 3191 2515 ’Λγαρ
3242 2447 3338 2514 τῆς
3390 2447 3687 2516 παιδίσκης

2110 2538 2347 2610 Σάρρας.
2402 2538 2693 2607 Ἀγαρηνοὶ
2736 2537 2793 2590 δὲ
2823 2536 2931 2590 ἀπὸ
2981 2538 3161 2607 Ἀγαρ
3194 2540 3291 2607 τῆς
3329 2538 3531 2607 μητρὸς
3586 2540 3689 2591 Ἰσ-

2112 2628 2277 2698 μαήλ.
2311 2627 2616 2697 Σαρακηνοὶ
2648 2626 2755 2678 ἀπὸ
2793 2625 2889 2679 τοῦ
2918 2627 3096 2679 εἰπεῖν
3129 2626 3261 2695 πρὸς
3290 2626 3382 2677 τὸν
3411 2625 3643 2693 ἄγγελον
3668 2668 3686 2691 ,

2107 2720 2189 2771 ὅτι
2221 2718 2553 2770 ἀπελαθείςα
2594 2717 2743 2787 παρὰ
2781 2716 2881 2785 τῆς
2912 2716 3109 2786 κυρίας
3151 2717 3319 2786 αὐτῆς
3348 2716 3513 2768 ὥδευε
3547 2718 3690 2769 κατὰ

2108 2811 2204 2881 τὴν
2255 2811 2462 2880 ἔρημον
2503 2810 2876 2879 ἐπιφερομένη
2916 2808 3006 2860 τὸν
3063 2806 3321 2876 Ἰσμαὴλ,
3366 2807 3447 2858 ὅτι.
3500 2807 3691 2877 Σάρρα

2109 2902 2271 2971 κυρία
2314 2919 2380 2969 με
2413 2900 2735 2969 ἀπήλασεν,
2784 2900 2859 2961 ὡς
2895 2900 3012 2951 ἐκεῖ
3055 2897 3225 2965 λέγει.
3280 2898 3342 2949 Oi
3379 2898 3692 2966 Σαρακηνολ.

2111 2994 2210 3063 μὲν
2268 2992 2429 3062 μέχρι
2488 3008 2594 3042 των
2651 2990 2975 3058 Ἡρακλείου
3021 2989 3115 3041 τοῦ
3166 2989 3428 3058 βασιλέως
3476 2991 3690 3059 χρόνων

2108 3085 2527 3152 εἰδωλολάτρουν
2573 3081 3008 3151 προσκυνοῦντες
3053 3080 3129 3150 τῷ
3161 3082 3423 3151 ὲωπφόρῳ
3460 3082 3689 3151 ἄστρῳ,

2109 3178 2203 3229 καὶ
2222 3179 2288 3245 τῇ
2323 3176 2629 3246 Ἀφροδίτῃ,
2659 3177 2724 3244 ἧν
2746 3175 2808 3244 δὴ
2831 3175 2925 3228 καὶ
2951 3173 3144 3243 Χαὸὰρ
3172 3177 3233 3244 τῇ
3266 3175 3441 3226 αὐτῶν
3472 3175 3691 3249 γλώττῃ

2108 3267 2481 3335 ὲπωγόμαζον.
2524 3268 2686 3336 Δηλοῖ
2715 3267 2769 3319 δὲ
2810 3269 2841 3336 ἡ
2888 3266 3033 3331 λέξις
3079 3265 3217 3335 αὕτη
3273 3266 3371 3334 τὴν
3414 3267 3684 3336 μεγάλην.

2108 3362 2239 3411 Τότε
2272 3359 2327 3411 δὲ
2351 3361 2633 3428 προφήτης
2664 3360 2845 3420 αὐτοῖς
2877 3358 3075 3427 ἀνέστη
3119 3358 3386 3426 Βίωάμεο,
3407 3358 3503 3410 καὶ
3531 3358 3690 3412 αὐτοὶ

2106 3452 2319 3521 ἔχοντες
2365 3452 2529 3503 αὐτὸν
2592 3452 2763 3519 μέγαν
2808 3450 2902 3501 καὶ
2960 3449 3309 3519 περιϐόητον.
3358 3444 3526 3512 Οὗτος
3577 3451 3690 3505 ἀπὸ

438 3542 550 3607 ipse
573 3555 639 3593 ex
680 3556 782 3592 una
804 3540 1036 3592 tribuum
1066 3539 1320 3592 lsmaelis.
1350 3537 1443 3591 llle
1466 3547 1641 3589 autem
1673 3537 1772 3588 luit
1814 3536 2001 3588 lsmael

2111 3545 2237 3612 μιᾶς
2274 3543 2379 3594 τῶν
2423 3542 2481 3606 ἐξ
2526 3542 2751 3611 Ἰσμαὴλ
2791 3540 2972 3610 φυλῶν
3004 3541 3398 3610 καταγόμενος.
3458 3542 3687 3611 Ἱσμαὴλ

438 3642 691 3699 tanquam
721 3646 857 3683 unus
885 3647 948 3683 ex
980 3631 1222 3683 lsmaelis
1278 3629 1529 3697 posteris.
1583 3627 2001 3695 Pritnogt-nituut

2109 3634 2164 3685 δὲ
2206 3630 2273 3703 ἦν
2310 3626 2501 3699 οὗτος,
2556 3634 2630 3695 ὡς
2663 3633 2757 3685 καὶ
2801 3632 2892 3684 τοῦ
2937 3631 3161 3701 Ίσμαὴλ
3209 3631 3493 3701 τυγχάνων
3545 3634 3684 3685 ἀπό-

440 3736 565 3774 vero
586 3721 771 3775 habuit
791 3720 1040 3773 Etsarum
1062 3738 1220 3787 quem
1238 3723 1419 3788 genuit
1439 3736 1503 3775 ex
1528 3721 1775 3773 lsniaele.
1811 3722 2006 3772 Deinde

435 3811 571 3863 duos
607 3810 739 3863 alios
768 3812 903 3863 filios
928 3810 979 3862 iu
1014 3812 1135 3863 vita:
1174 3821 1225 3863 et
1258 3812 1374 3863 dias
1426 3810 1642 3863 luminis
1672 3826 1834 3863 auras
1882 3809 2007 3863 etni-

436 3902 528 3967 sit,
565 3901 880 3954 Mundarnm
911 3903 1187 3965 nimirum,
1219 3910 1275 3957 et
1302 3902 1733 3955 Scliularabiam.
1784 3900 2007 3954 Munda-

439 4008 529 4046 ros
556 4002 734 4047 autem
783 3994 972 4061 genuit
1018 3994 1311 4059 Cuzarnm,
1363 4004 1417 4047 et
1463 3991 1895 4045 Thetnitnannm.
1923 3991 2006 4045 Ab

438 4084 540 4137 illis
563 4094 716 4138 ortus
749 4083 1088 4139 Multammed
1116 4086 1202 4152 qui
1236 4086 1356 4138 talis
1380 4096 1496 4137 erat
1532 4083 1678 4135 vultu
1712 4093 1765 4136 et
1810 4082 2001 4135 lornta.

436 4175 1467 4239 Eratsemi-sicmtsetaridus,incessu
1522 4189 1648 4227 vero
1709 4183 1762 4227 et
1828 4174 2005 4241 specie

438 4266 593 4334 plane
626 4266 901 4318 ridiculus.
928 4267 1115 4320 Adhuc
1150 4282 1277 4320 vero
1310 4267 1361 4319 in
1395 4266 1511 4332 ipsa
1554 4263 1778 4319 infantia
1814 4280 2004 4333 paren-

438 4358 581 4410 tibus
620 4360 864 4418 orbatus,
902 4367 1146 4411 extrema
1199 4364 1517 4425 paupertate
1573 4356 1924 4419 obruebatur,
1949 4362 2003 4408 et

436 4446 631 4497 iaceris
664 4448 854 4513 pannis
884 4448 1120 4511 indutus,
1153 4456 1207 4501 et
1258 4447 1415 4513 plane
1456 4447 1739 4509 obscurus,
1778 4445 1995 4499 femina:

432 4536 649 4590 cuidam
692 4538 861 4591 vidth
893 4539 1123 4592 traditus
1163 4539 1263 4591 fuit
1292 4553 1504 4601 servus,
1543 4552 1660 4605 quae
1696 4536 1843 4589 illum
1910 4551 2002 4602 ge—

436 4645 565 4683 nere
629 4631 1022 4697 quodammodo
1086 4632 1409 4700 attingebat.
1463 4630 1597 4684 Cum
1642 4639 1819 4683 autem
1870 4644 2001 4697 pue-

434 4724 570 4775 ritia:
596 4737 767 4775 annos
795 4731 940 4776 esset
966 4732 1406 4791 praetergressus,
1462 4721 1639 4777 factus
1688 4730 1771 4776 est
1812 4737 2002 4776 servus

431 4815 805 4869 mercenarius
880 4815 1035 4868 istius
1080 4816 1251 4869 viduae
1333 4817 1417 4869 cui
1479 4814 1734 4883 Chadiga:
1805 4829 1999 4866 nomen

428 4918 570 4971 erat,
629 4906 846 4961 femina!
927 4907 1245 4969 ditissitnze,
1302 4916 1358 4959 et
1436 4906 1624 4974 opibus
1704 4904 1999 4957 alllueutis-

428 4999 597 5052 situm.
623 4999 752 5064 Quae
785 5015 906 5053 cum
943 4999 1090 5050 varia
1125 4997 1225 5050 alia
1262 4996 1638 5065 suppellectili,
1710 4997 1874 5048 multa
1914 4994 1999 5063 ju-

429 5098 611 5142 menta
665 5090 843 5144 alebat
893 5099 948 5143 et
995 5088 1231 5143 camelos
1304 5088 1752 5157 quamplurimas.
1796 5085 1999 5138 llorum

428 5193 609 5234 rector
685 5182 1010 5235 constitutus
1064 5180 1429 5242 Mnhammed,
1481 5178 1733 5232 omnibus
1796 5176 2000 5229 vit-ibus

428 5272 651 5324 tentavit
682 5272 973 5338 Chadigam
1009 5273 1279 5324 dominam
1318 5286 1468 5325 suam
1534 5271 1586 5322 in
1623 5284 1858 5322 amorem
1917 5267 1997 5319 sui

430 5364 701 5431 pellicere.
740 5364 893 5418 Clam
961 5364 1171 5431 irrepit,
1216 5378 1340 5417 cum
1399 5362 1488 5414 illa
1532 5360 1901 5429 congreditur,
1943 5368 1999 5409 ct

430 5455 646 5507 tandem
682 5454 917 5522 legitime
947 5464 1001 5508 et
1024 5455 1234 5523 publice
1260 5454 1357 5507 lori
1386 5454 1565 5506 socius
1625 5449 1818 5514 evasit,
1849 5458 1901 5502 et
1933 5447 1967 5499 il

428 5543 533 5599 latn
557 5561 779 5600 uxorem
800 5546 971 5599 eluxit.

498 5634 689 5689 Postea
735 5643 944 5690 mutato
988 5635 1214 5691 consilio
1266 5634 1562 5702 Chadigant
1614 5628 1801 5699 puduit
1863 5643 1983 5682 cum

2109 3742 2284 3792 γονος.
2317 3725 2587 3791 Πρόγονον
2619 3724 2673 3776 δὲ
2698 3719 2810 3793 εἶχε
2843 3723 2933 3775 τὸν
2972 3722 3245 3791 Ἤτζαρον
3274 3725 3507 3788 ἐκεῖνον,
3535 3723 3601 3801 ῥν
3625 3723 3685 3790 ἐξ

2119 3816 2344 3885 Ἰσμαὴλ
2371 3815 2523 3866 ἔτεκε
2547 3855 2559 3875 ,
2589 3814 2684 3866 καὶ
2718 3816 2797 3876 εἰς
2830 3814 2942 3883 φῶς
2970 3813 3085 3882 βίου
3115 3812 3355 3882 παρῆξεν
3387 3813 3480 3865 δύο
3508 3814 3683 3879 υἱοὺς,

2106 3905 2197 3955 τὸν
2242 3904 2557 3974 Μούνδαρον
2605 3904 2822 3957 καὶτὸν
2856 3903 3255 3973 Σκυλαραϐξαν.
3317 3904 3374 3955 '0
3407 3904 3460 3955 δὲ
3503 3905 3686 3959 Μούν-

2106 3994 2266 4065 δαρος
2294 3997 2559 4048 ἀπέτεκεν
2586 3996 2677 4047 τὸν
2700 3994 3006 4065 Κούσαρον,
3039 3995 3130 4047 καὶ
3160 3996 3249 4047 τὸν
3276 3996 3553 4067 Θεμίμην.
3585 3995 3683 4049 Ἐκ

2103 4086 2308 4138 τούτων
2371 4089 2398 4139 6
2456 4087 2696 4157 Μωαμὲδ
2746 4086 3032 4155 καταχθείς
3064 4102 3076 4114 ·
3112 4087 3348 4149 τοιοῦτος
3407 4087 3463 4138 δὲ
3500 4083 3565 4157 ἦν
3610 4090 3680 4158 τῇ

2108 4180 2317 4247 μορφῇ”
2348 4177 2651 4246 ὴμίξηρος,
2685 4182 2780 4230 καὶ
2809 4179 2868 4229 τὸ
2903 4173 3039 4239 εἶδος
3074 4178 3281 4244 γελοῖός
3314 4195 3370 4229 τε
3403 4182 3496 4229 καὶ
3529 4177 3679 4247 βαδί-

2107 4286 2294 4337 σματι.
2329 4270 2435 4321 Καὶ
2463 4270 2655 4339 κομιδῇ
2684 4269 2801 4331 νέος
2827 4269 3256 4339 ἀπορφανισοεὶς
3285 4271 3452 4337 πένης
3475 4270 3683 4321 παντά-

2107 4376 2272 4412 πασιν
2301 4356 2397 4429 ἦν,
2436 4362 2531 4412 καὶ
2563 4360 2906 4428 ρακενδυτών
2929 4402 2942 4426 ,
2969 4361 3064 4413 καὶ
3106 4362 3312 4431 ἀφανὴς
3345 4360 3419 4411 ὢν
3454 4360 3679 4430 ὲΘήτευε

2105 4452 2254 4520 παρὰ
2324 4453 2576 4519 γυναικὸς
2633 4452 2807 4522 χήρας
2881 4452 3021 4504 κατὰ
3077 4452 3235 4519 γένος
3294 4450 3442 4521 αὑτῷ
3506 4468 3677 4519 προσ-

2102 4541 2311 4613 ηκούσῃ
2334 4582 2348 4606 ,
2379 4543 2478 4611 τὴν
2512 4541 2768 4610 παιδικὴν
2809 4542 3169 4612 παραμείὸων
3202 4543 3297 4609 τῆς
3332 4542 3548 4612 ἡλικίας
3583 4560 3677 4611 μι-

2106 4633 2305 4696 σθωτὸς
2342 4635 2547 4701 γίνεται
2589 4634 2686 4701 τῆς
2714 4636 2970 4702 γυναικὸς
3016 4634 3216 4705 ταύτης
3239 4675 3253 4699 ,
3284 4636 3406 4704 ἣτις
3439 4636 3532 4687 καὶ
3562 4636 3680 4689 Χα-

2101 4725 2255 4793 διγὰν
2300 4724 2783 4796 ἐπονομαζομένης
2827 4726 3088 4789 πλουσίας
3128 4728 3266 4780 πάνυ
3308 4728 3401 4779 καὶ
3429 4727 3679 4796 εὐπορω-

2101 4818 2300 4887 τάτης,
2340 4818 2433 4869 καὶ
2466 4817 2605 4886 μετὰ
2639 4818 2738 4887 τῆς
2781 4817 2975 4887 λοιπῆς
3008 4819 3325 4887 περιουσίας
3374 4817 3466 4870 καὶ
3508 4820 3679 4888 κτήνη

2107 4906 2275 4958 πολλὰ
2316 4905 2627 4977 κεκτημένη
2648 4946 2661 4970 ,
2712 4906 2829 4975 μεθ’
2862 4901 2935 4959 ὧν
2962 4908 3054 4959 καὶ
3090 4908 3371 4977 καμήλους
3401 4908 3484 4960 ὅτι
3524 4908 3676 4961 πλεί-

2109 5015 2285 5059 στους.
2323 4994 2423 5050 τΩν
2471 5002 2663 5068 νομεὺς
2699 5000 2726 5049 6
2770 4999 3068 5069 λῐαχοὺμετ
3117 5002 3373 5069 κατέστη.
3427 5002 3677 5070 ἰσχυσεν

2105 5090 2185 5153 εἰς
2250 5089 2427 5159 ἔρωτα
2480 5093 2579 5159 τὴν
2628 5090 2824 5160 κυρίαν
2880 5091 3044 5144 αὑτοῦ
3116 5091 3357 5159 Χαδιγὰν
3404 5091 3671 5159 ἀγαγεῖν·

2106 5180 2274 5231 ὑπέδυ
2306 5180 2506 5248 ταύτην
2527 5220 2541 5243 ,
2576 5181 2667 5232 καὶ
2702 5182 3036 5248 συνεγένετο.
3073 5182 3180 5233 Καὶ
3200 5182 3259 5233 τὸ
3289 5181 3439 5245 τέλος
3471 5183 3676 5253 κυρίως

2107 5272 2357 5341 φανερῶς
2412 5274 2490 5335 εἰς
2528 5272 2705 5341 γάμου
2753 5274 3039 5326 κοινωνίαν
3084 5274 3286 5343 ταύτην
3325 5276 3402 5336 εἰς
3444 5279 3677 5342 γυναῖκι

2102 5358 2389 5427 λαμϐάνει.

2165 5628 2273 5680 Καὶ
2298 5628 2432 5697 πρδς
2456 5628 2613 5683 τοῦτο
2637 5628 3003 5707 ἀποτρόπαιον
3039 5631 3227 5701 ἡγεῖτο
3253 5628 3414 5683 αὑτὸν
3436 5629 3673 5696 Χαδιγὰν
