3752 6232
86 151 213 218 1449

1186 142 1669 206 CONFUTATIO
1706 145 2260 209 MUHAMMEDIS.

3224 147 3361 214 1450

84 262 461 335 συγκοινωνεῖν
490 256 670 329 τούτῳ
693 257 757 311 ού
791 255 954 329 μόνον
992 254 1085 309 διὰ
1110 254 1174 309 τὸ
1202 254 1478 326 μισθωτὸν
1520 251 1566 309 εἶ

1904 259 2223 314 societatem
2256 260 2597 332 conjugalem
2635 262 2833 319 fovere
2864 272 2921 318 et
2949 257 3080 318 cum'
3106 262 3198 319 illo
3222 280 3360 320 con-

79 361 210 428 αύτῇ
235 354 424 408 τοῦτον
444 395 459 418 ,
496 351 611 405 ἀλλ’
645 351 731 403 ὅτι
756 350 852 403 καὶ
881 347 1122 411 ἀνείδεος
1160 342 1229 419 ἦν
1260 349 1356 403 καὶ
1388 348 1660 421 ἄμορφος.

78 445 186 501 Kal.
210 445 265 496 ἐν
288 441 513 504 πολλαῖς
552 438 661 492 τῶν
685 438 913 510 ήμερῶν
945 437 1089 492 κατὰ
1113 437 1218 509 γῆς
1252 437 1538 510 κείμενος,
1570 438 1665 493 καὶ

76 536 242 610 ἀφρὸν
295 532 623 590 ἀποπτύων.
664 529 962 599 Γενόμενος
1004 530 1062 584 δὲ
1113 530 1304 602 κύριος
1344 531 1456 583 τῶν
1487 530 1666 601 ὑπαρ-

75 633 272 704 χόντων
319 627 492 698 αὐτῆς
544 619 806 689 πολλάκις
852 623 1128 694 ἀπεδήμει
1180 623 1303 677 κατ’
1359 622 1660 694 ἐμπορίαν.

74 724 180 783 Καί
207 739 337 776 ποτε
369 719 819 792 παραγενόμενος
850 720 931 781 εἰς
962 717 1332 788 Παλαιστίνην
1368 719 1662 789 συνέτυχεν

86 816 386 890 Ἑϐραίοις,
428 809 549 868 εἶτα
604 813 941 884 Ἀρειανοῖς,
987 810 1181 866 ἔπειτα
1220 812 1315 865 xal.
1358 812 1663 882 Νεστορια-

72 914 201 974 νοῖς.
249 908 359 963 Kal
392 904 553 971 δόξας
606 904 919 975 φιλομαθής
958 900 1132 969 εἶναι,
1163 903 1410 974 ἀρύσατο
1451 904 1666 973 ταχέως

75 1004 133 1068 ἐξ
183 999 456 1073 Ἐϐραίων
498 995 599 1069 μὲν
637 994 737 1069 τὴν
770 992 1106 1068 μοναρχίαν,
1143 993 1204 1063 ἐξ
1256 995 1556 1066 ’Δρειανῶν
1604 992 1664 1049 δὲ

73 1098 241 1166 Λόγον
322 1093 421 1148 καὶ
473 1090 704 1161 Πνεῦμα
746 1090 979 1154 κτιστά,
1028 1089 1140 1146 ἀπὸ
1185 1091 1245 1145 δὲ
1280 1089 1665 1162 Νεστοριανῶν

72 1186 613 1260 ἀνθρωπολατρείαν.
639 1185 751 1238 Καὶ
782 1183 1038 1237 σύνθετον
1061 1182 1122 1249 ἐξ
1154 1182 1336 1237 αύτῶν
1360 1182 1665 1254 θρησκείαν

70 1282 247 1351 ἑαυτῷ
306 1280 710 1352 συνεστήσατο’
777 1280 1110 1350 νοσήσαντος
1164 1277 1221 1331 δὲ
1270 1276 1436 1331 πάλιν
1497 1274 1665 1330 αὑτοῦ

71 1379 301 1448 πάρεσιν
342 1370 558 1447 μελῶν,
607 1374 644 1444 ή
684 1371 991 1444 δηλωθεῖσα
1023 1370 1218 1425 τούτου
1259 1370 1405 1442 γυνή
1458 1370 1668 1442 σφόδρα

66 1474 254 1547 ήνιᾶτο
273 1513 288 1536 ,
315 1471 412 1524 καὶ
439 1467 711 1540 ήσχαλλεν
732 1466 794 1520 ού
830 1466 991 1538 μόνον
1020 1464 1097 1529 ὡς
1123 1464 1309 1518 δοῦλον
1337 1464 1432 1518 καὶ
1457 1462 1667 1534 μισθω-

67 1565 155 1619 τὸν
184 1564 358 1634 αὐτῆς
397 1560 772 1631 συναφθεῖσα,
816 1557 956 1612 ἀλλά
990 1559 1085 1612 καὶ
1127 1557 1203 1621 ὡς
1253 1554 1400 1626 μέγα
1443 1556 1662 1625 νόσημα

67 1657 254 1729 ἔχοντα
284 1625 379 1708 τόν
411 1625 755 1725 γημάμενον.
786 1646 897 1703 Ἦν
925 1650 983 1703 δὲ
1006 1650 1195 1713 αὐτοῖς
1226 1625 1383 1717 φίλος
1421 1645 1659 1717 μοναχός
1692 1625 1735 1681 Β

65 1768 148 1815 τις
196 1748 475 1821 ὲξόριστος
529 1747 616 1810 είς
670 1746 858 1799 ἐκεῖνα
894 1744 965 1798 τὰ
1014 1744 1157 1816 μέρη
1211 1742 1300 1795 διὰ
1345 1741 1407 1795 τὸ
1462 1739 1661 1795 ἑαυτοῦ

64 1843 260 1913 δόγμα.
292 1833 463 1902 Οὗτος
506 1837 567 1903 ἐξ
593 1835 878 1907 ὑποθήκης
920 1833 1016 1889 τοῦ
1052 1831 1301 1903 Μωάμεθ
1352 1829 1663 1902 ὲπληροφό-

67 1944 230 2007 ρήσεν
263 1933 363 2005 τήν
398 1930 593 1986 τούτου
644 1928 912 1998 σύζυγον,
954 1928 1031 1992 ὡς
1073 1925 1259 1980 ούκέτι
1299 1925 1457 1993 κοινὴ
1503 1924 1662 1986 νόσος

64 2030 210 2083 ἐστὶν
234 2029 271 2100 ή
302 2026 615 2097 κατέχουσα
645 2024 737 2078 τὸν
764 2021 1032 2093 Μωάμεδ,
1068 2019 1221 2089 λέγει
1255 2018 1394 2091 πρὸς
1430 2017 1603 2088 αὐτὴν
1630 2015 1661 2070 ό

64 2121 321 2194 μοναχὸς,
373 2118 488 2173 ἀλλ’
516 2117 710 2181 ὁσάκις
748 2114 849 2169 ίδοι
889 2114 980 2168 τὸν
1007 2111 1352 2184 ἀρχάγγελον
1385 2108 1655 2181 Γαϐριὴλ,

1768 351 2046 417 cumbere,
2089 362 2202 405 tum
2226 351 2354 421 quia
2410 355 2784 410 mercenarius
2837 354 3037 424 fuerat,
3066 366 3176 411 tum
3232 359 3365 427 quia

1768 441 2155 513 ingratissima;
2216 454 2272 499 et
2320 446 2653 515 turpissimae
2692 456 2813 503 erat
2866 448 3077 505 formae.
3133 451 3367 521 Insuper

1769 537 1893 605 quia
1930 538 2158 605 singulis
2190 536 2304 593 fere
2371 539 2564 596 diebus
2628 542 2780 611 quasi
2851 543 3114 599 comitiali
3164 544 3359 600 morbo

1768 636 2075 693 correptus,
2104 642 2201 682 ore
2246 632 2521 699 spumanti
2548 614 2602 685 in
2636 643 2837 687 terram
2863 634 3098 689 cadebat
3126 645 3181 689 et
3202 634 3359 704 jace-

1768 719 1880 773 bat.
1921 718 2195 773 Bonorum
2237 735 2367 776 vero
2390 722 2578 777 uxoris
2634 724 2887 781 dominus
2929 725 3110 782 factus
3170 728 3364 798 saepis-

1769 811 1906 865 sime
1920 810 1985 864 ad
2011 820 2375 868 mercaturam
2398 818 2760 871 exercendam
2791 832 3017 889 peregre
3046 819 3369 890 proﬁciscec

1769 903 1955 959 batur.
1985 904 2121 958 Cum
2152 905 2204 959 in
2252 906 2600 963 Palaestinam
2654 912 2949 979 aliquando
3001 914 3360 981 pervenisset,

1771 995 1960 1049 incidit
1987 996 2038 1050 in
2068 994 2347 1064 Hebraeus,
2377 1001 2576 1057 deinde
2604 1002 2656 1056 in
2707 1002 2967 1068 Arianos,
2996 1015 3277 1075 postremo
3307 1006 3364 1060 in

1768 1086 2157 1146 Nestorianos.
2209 1092 2343 1145 Cum
2394 1108 2523 1144 vero
2606 1095 2848 1150 scientia:
2905 1095 3133 1166 cupidus
3192 1096 3367 1152 videri

1769 1181 1954 1247 vellet,
1990 1197 2056 1236 ex
2096 1182 2345 1239 llebratis
2370 1186 2557 1241 hausit
2580 1187 2958 1243 monarcbiam
3000 1203 3095 1244 seu
3138 1188 3363 1245 unicum

1768 1286 1891 1328 esse
1921 1272 2114 1328 Deum.
2146 1271 2225 1328 Ex
2251 1274 2473 1330 Arianis
2527 1274 2763 1330 Verbum
2802 1287 2855 1331 et
2915 1277 3181 1348 Spiritum
3234 1294 3369 1332 san-

1772 1375 1921 1419 etum
1966 1380 2090 1419 esse
2139 1375 2442 1434 creaturas,
2468 1383 2532 1422 ex
2578 1365 2922 1424 Nestorianis
2952 1369 3250 1436 hominem,
3278 1371 3374 1425 ni-

1771 1456 1967 1510 mirum
1994 1470 2283 1525 personam
2310 1459 2603 1513 humanam
2627 1460 2831 1514 Christi
2855 1475 2979 1515 esse
3006 1461 3364 1515 adorandam.

1771 1546 1836 1601 Et
1876 1562 1942 1602 ex
1993 1549 2113 1602 istis
2164 1550 2422 1605 omnibus
2474 1550 2857 1622 complicatam
2893 1553 3215 1624 religionem
3261 1553 3368 1609 sibi

1767 1640 2023 1696 conﬂavit
2076 1653 2131 1696 et
2154 1644 2478 1711 composuit.
2509 1644 2607 1699 Illo
2660 1660 2791 1700 vero
2833 1646 3033 1702 iterum
3081 1645 3373 1703 laborante

1767 1735 2138 1788 membrorum
2179 1735 2450 1790 solutione
2472 1744 2527 1791 et
2555 1737 2818 1808 paralysi,
2853 1748 3155 1793 memorata
3196 1752 3364 1809 supra

1768 1840 1906 1891 uxor
1956 1828 2308 1882 vehementer
2364 1828 2687 1897 angebatur,
2726 1841 2780 1884 et
2851 1829 3266 1901 indignabatur,
3308 1839 3370 1885 ut

1766 1927 1893 1987 pote
1936 1931 2058 1988 quae
2093 1919 2347 1973 maritum
2379 1920 2484 1975 sibi
2514 1922 2824 1977 sociaverat
2848 1937 2955 1977 non
2988 1931 3203 1977 tantum
3248 1936 3371 1978 ser-

1762 2024 1886 2063 vum
1962 2021 2017 2064 et
2043 2009 2147 2065 vile
2176 2012 2508 2081 mancipium
2575 2022 2633 2068 et
2666 2014 3092 2078 mercenarium,
3130 2015 3227 2070 sed
3272 2016 3373 2069 bo-

1762 2102 1963 2155 minem
1999 2101 2093 2172 qui
2124 2104 2317 2159 morbo
2348 2105 2707 2161 acerbissimo
2728 2117 3041 2162 vexaretur.
3071 2106 3360 2164 Habebunt

64 2211 140 2283 μὴ
168 2210 356 2282 φέρων
401 2206 568 2263 αὑτοῦ
598 2206 698 2278 τὴν
738 2202 980 2276 φοϐερὰν
1017 2201 1344 2272 ἐπιφάνειαν
1382 2200 1465 2263 είς
1495 2216 1546 2252 τι

1878 2195 2244 2251 »ωοιιοοιιιηη
2275 2198 2568 2266 quemdam
2617 2199 2719 2253 sibi
2749 2199 3075 2255 familiarem
3108 2210 3165 2257 et
3213 2200 3360 2256 amio

62 2302 420 2357 καταπίπτει.
461 2300 576 2355 Kal
611 2299 720 2371 γάρ
768 2298 797 2350 ό
849 2293 1113 2368 δηλωθεὶς
1159 2292 1413 2361 ἄγγελος,
1446 2290 1652 2362 φησὶν,

59 2398 140 2460 είς
168 2396 298 2459 τοὺς
344 2395 619 2467 μεγάλους
666 2390 1060 2447 ἀποστέλλεται
1111 2388 1402 2458 προφήτας
1436 2385 1653 2438 ἀποκα-

1758 2301 1902 2353 cum,
1945 2287 2036 2356 qui
2081 2297 2307 2357 propter
2358 2304 2454 2344 sua
2498 2306 2662 2359 prava
2716 2294 2970 2362 dogmata
3003 2292 3134 2348 illuc
3171 2292 3351 2348 fuerat

1753 2378 1807 2432 in
1834 2380 2087 2436 exsilium
2137 2381 2433 2452 relegatus.
2468 2382 2563 2438 llle
2611 2384 2912 2440 deliberata
2943 2400 3068 2440 cum
3099 2384 3349 2439 Iluham-

60 2489 280 2541 λύπτων
311 2486 497 2549 αὐτοῖς
526 2485 596 2539 τά
633 2483 912 2554 μυστήρια
942 2479 1037 2533 τοῦ
1072 2476 1208 2531 Θεοῦ
1232 2518 1245 2541 ,
1283 2477 1379 2530 καὶ
1420 2474 1542 2544 γνώη

1861 2476 1911 2523 te
1940 2469 2170 2525 consilio
2202 2486 2427 2527 uxorem
2461 2472 2861 2529 Mubammadis
2905 2476 2973 2530 ab
3007 2476 3110 2531 ista
3146 2475 3343 2531 anxie-

60 2581 167 2634 τῶν
189 2578 499 2649 ἑπομένων.
560 2575 983 2630 Ἀποστέλλεται
1019 2572 1112 2635 δὲ,
1153 2569 1321 2642 φησὶ,
1378 2566 1478 2621 καὶ
1519 2584 1542 2619 τ

1865 2581 1873 2613 ι
1901 2577 2158 2618 revocare
2190 2565 2493 2635 satagebat,
2522 2566 2935 2638 conabaturque
2989 2567 3347 2638 persuadere,

59 2671 153 2724 τὸν
178 2667 426 2740 Μωαμὲδ
455 2666 625 2738 ἄνδρα
650 2665 742 2719 τὸν
770 2668 894 2729 σὸν,
916 2663 993 2727 ὠς
1030 2662 1207 2733 μέγαν
1237 2658 1549 2731 προφήτην.

1761 2667 1869 2707 non
1906 2653 2116 2726 vulgari
2148 2668 2203 2710 et
2232 2657 2517 2715 ordinario
2554 2660 2745 2716 morbo
2808 2660 3047 2714 cruciari
3103 2658 3355 2713 Multam-

63 2763 297 2818 medem.
360 2761 487 2826 Sed,
523 2758 826 2830 inquiebat,
892 2756 1322 2826 quotiescunque
1376 2748 1526 2803 videt
1605 2744 1993 2814 archangelum
2061 2743 2392 2815 Gabrielem,
2458 2750 2634 2820 impar
2666 2758 2829 2805 tantae
2893 2748 3131 2806 ferendae
3164 2750 3343 2805 vision

61 2855 229 2922 cadit,
291 2865 348 2911 et
377 2852 533 2925 quasi
594 2853 835 2925 pondere
887 2850 1075 2922 glorias
1122 2846 1402 2911 obruitur;
1443 2841 1681 2897 addebat
1717 2839 1884 2894 etiam
1922 2841 2224 2896 monachus
2279 2842 2371 2897 ille
2399 2861 2413 2897 :
2438 2842 2673 2899 Mittitur
2705 2846 2811 2901 iste
2839 2845 3065 2916 angelus
3088 2846 3156 2901 ad
3191 2844 3336 2900 maxi

63 2967 180 3007 mos
238 2936 538 3022 prdphetas
585 2948 719 3018 ipsis
781 2945 1042 3017 mysteria
1100 2942 1192 2996 Dei
1254 2948 1310 2995 et
1348 2938 1660 2992 futurorum
1701 2932 2074 3001 cognitionem
2134 2936 2423 3002 revelans;
2497 2938 2757 3008 pergebat
2803 2954 2934 2994 vero
2992 2947 3048 2995 et
3107 2939 3364 2993 dicebat:

65 3048 305 3103 Mittitur
327 3048 471 3101 idem
498 3044 726 3114 angelus
756 3042 822 3096 ad
840 3041 1130 3112 conjugem
1196 3049 1348 3093 tuum
1404 3029 1839 3090 Muhammedetn
1872 3039 2131 3101 tanquam
2164 3035 2231 3088 ad
2254 3051 2508 3107 maguum
2541 3037 2887 3107 prephetam.

130 3140 292 3210 Αὐτὴ
328 3139 387 3192 δὲ
418 3137 706 3191 πεισθεῖσα
737 3137 849 3200 τοῖς
870 3133 1222 3205 λεγομένοις,
1257 3129 1355 3185 καὶ
1382 3129 1612 3199 γενομέν

1888 3124 1925 3177 la
1984 3139 2118 3181 vero
2181 3127 2344 3183 dictis
2404 3127 2549 3184 victa
2592 3138 2649 3183 et
2704 3130 3114 3200 obtemperans,
3162 3129 3370 3200 gaudio

57 3232 374 3304 περιχαρὴς
407 3232 504 3286 τὸν
535 3231 696 3300 λόγον
728 3228 1017 3284 πεισθεῖσα
1050 3228 1320 3299 ἐκήρυττε
1357 3221 1656 3296 διαρρήδην

56 3324 180 3387 ταῖς
209 3322 405 3388 ἀλλαις
450 3320 702 3391 γυναιξὶν
722 3362 737 3386 ,
779 3321 861 3375 ὃτι
894 3320 1082 3391 ,μέγας
1116 3319 1268 3372 ἐστὶν
1311 3316 1599 3387 προφήτης
1629 3312 1658 3366 ό

57 3413 339 3485 Μωαμὲδ,
368 3413 467 3468 καὶ
508 3412 662 3486 παρά
689 3412 769 3483 τῷ
798 3410 920 3484 Θεῷ
964 3410 1382 3481 ἐκλελεγμένος.
1427 3407 1537 3460 Kal.
1568 3405 1659 3460 τδν

59 3508 269 3581 τρόπον
286 3506 478 3561 τοῦτον
502 3508 567 3561 ὲκ
602 3504 882 3576 γυναικῶν
911 3505 993 3568 εἰς
1030 3504 1234 3575 ἄνδρας
1259 3503 1288 3556 ό
1316 3501 1476 3570 λόγος
1502 3493 1660 3564 οὗτος

54 3599 329 3664 διαδοθεὶς
360 3600 690 3673 ἐκράτησεν,
722 3600 820 3654 καὶ
858 3597 1124 3670 ηύξάνθη.
1167 3596 1234 3651 Τί
1272 3595 1537 3665 γέγονεν;
1565 3593 1659 3646 τέ·

56 3692 268 3764 θνηκεν
294 3694 329 3764 ή
379 3692 519 3763 γυνὴ
553 3692 722 3747 αὐτοῦ
772 3690 1021 3759 Χαδιγὰ,
1065 3689 1164 3745 καὶ
1192 3688 1533 3761 κληρονόμον
1580 3688 1660 3752 είς

54 3784 286 3840 ἅπαντα
313 3784 489 3853 αὐτῆς
516 3783 781 3855 Μωάμεδ,
830 3782 923 3838 τὸν
964 3783 1061 3837 xal
1092 3781 1397 3853 Μαχούμετ
1428 3780 1529 3850 τῆς
1555 3796 1657 3833 πε-

58 3877 316 3948 ριουσίας
367 3875 537 3945 αὐτῆς
597 3874 914 3940 κατέλιπεν,
970 3874 1032 3939 ὃς
1074 3876 1167 3930 καὶ
1206 3874 1529 3948 κληρονόμῃ
1563 3873 1662 3926 καὶ

57 3969 269 4040 ταύτης
305 3966 432 4036 ὄφις
480 3967 556 4021 ὢν
592 3966 808 4037 δράκων
851 3966 1101 4035 γέγονεν.
1159 3968 1271 4021 Kal.
1318 3966 1506 4022 έκτινεε
1564 3983 1663 4020 πε-

58 4060 393 4135 πλουτηκὼς
425 4062 608 4133 τίμιος
646 4062 803 4133 παρά
843 4061 1014 4114 πᾶσιν
1050 4059 1335 4128 ἐφαίνετοο
1376 4058 1505 4125 δόξα
1554 4058 1663 4130 γὰρ

56 4157 422 4229 ἀπείραντος,
446 4155 483 4228 ἢ
508 4157 605 4210 καὶ
632 4155 850 4227 πλούτῳ
875 4154 1167 4226 προσλάϐῃ
1184 4152 1285 4224 τήν
1309 4152 1492 4221 οῖησιν
1520 4152 1664 4222 μέγα

55 4267 109 4305 τι
136 4250 293 4304 δοκεῖ
314 4251 429 4312 τοῖς
456 4249 741 4312 ταπεινοῖς
763 4250 859 4302 καὶ
882 4246 1218 4318 τιμώμενον.
1249 4244 1360 4299 Kal
1379 4241 1665 4298 συλλαϐὼν

56 4340 158 4403 τάς
190 4337 606 4412 προρρηθείσας
641 4338 804 4400 κενὰς
839 4337 1008 4390 αὑτοῦ
1039 4322 1397 4397 διδασκαλίας
1428 4335 1457 4387 ὁ
1490 4333 1665 4388 Μωά·

58 4434 162 4504 μεδ
202 4433 319 4487 ἀπὸ
369 4433 479 4487 τῶν
535 4430 810 4485 Ἰουδαίων
842 4430 942 4502 τήν
996 4430 1327 4503 μοναρχίαν,
1364 4430 1431 4481 ὲκ
1466 4428 1526 4482 δὲ
1553 4426 1662 4480 τῶν

68 4524 381 4596 ’Δρειανών
426 4522 488 4576 τδ
515 4521 697 4590 λέγειν
746 4521 840 4575 τὸν
872 4522 1047 4589 Λόγον
1099 4520 1195 4574 καὶ
1233 4518 1361 4573 Υίδν
1393 4518 1489 4572 τοῦ
1524 4517 1662 4572 Θεοῦ

55 4616 325 4682 κτιστὸν,
366 4616 432 4669 εκ
467 4615 526 4670 δὲ
562 4614 675 4668 τῶν
722 4613 1107 4685 Νεστοριανῶν
1164 4612 1265 4684 τὴν
1309 4611 1665 4683 ἀνθρωπολα-

54 4709 284 4780 τρείαν.
327 4709 441 4762 Kal.
478 4707 659 4762 πάντα
686 4705 972 4761 συλλαϐὼν
1003 4706 1243 4773 ἐδίδαξεν
1279 4705 1342 4759 τὸ
1375 4706 1661 4778 ᾀδόμενον.

56 4800 231 4855 Οὕτω
271 4800 336 4871 δὴ
368 4800 467 4855 καὶ
500 4799 849 4871 συγκεράσας
881 4800 976 4854 καὶ
1001 4799 1079 4871 τῷ
1114 4798 1230 4870 λαῷ
1268 4800 1543 4871 ἐκήρυξεν
1571 4798 1667 4852 καὶ

56 4892 376 4960 ὲκράτυνεν
416 4891 511 4945 καὶ¹
555 4890 634 4955 ὡς
672 4893 962 4963 προφήτην
1003 4893 1182 4960 μέγαν
1212 4894 1279 4946 ὲκ
1315 4889 1454 4944 Θεοῦ
1500 4890 1668 4944 αὐτὸν

53 4984 340 5054 τιμᾶσθαι
369 4981 448 5053 τῷ
494 4983 609 5053 λαῷ
643 4985 1101 5055 παρηγγυήσατο.
1134 4984 1300 5048 Γνοὺς
1326 4984 1386 5038 δὲ
1406 4983 1532 5047 τοὺς
1561 4983 1667 5037 Ἰσ-

64 5076 352 5147 μαηλίτας
390 5076 500 5130 τῶν
548 5077 738 5130 παθῶν
772 5074 912 5131 εἶναι
958 5078 1199 5142 δούλους,
1234 5079 1330 5131 καὶ
1366 5077 1671 5148 βοσκητοὺς

57 5169 469 5241 ἀπημάντους,
528 5168 696 5239 ήγουν
758 5167 1226 5241 βοσκηματώδεις,
1288 5174 1384 5222 καὶ
1445 5169 1670 5232 δούλους

1764 3219 2003 3275 maximo
2037 3217 2257 3289 perfusa
2291 3234 2408 3275 rem
2440 3230 2609 3275 totam
2645 3221 2771 3277 aliis
2803 3222 3144 3278 mulierculis
3191 3236 3365 3293 expo-

1763 3315 1928 3370 nebat
1950 3325 2006 3370 et
2031 3316 2346 3379 enarrabat,
2375 3317 2522 3385 quod
2548 3315 2809 3371 nimirum
2836 3314 3187 3373 Muhammed
3215 3327 3365 3373 esset

1762 3407 2034 3462 maximus
2060 3406 2421 3478 propheta,et
2454 3425 2484 3462 a
2514 3408 2626 3464 Deo
2654 3408 2883 3465 electus.
2916 3410 2985 3465 Et
3006 3408 3113 3464 hoc
3144 3409 3309 3464 modo
3328 3425 3359 3464 a

1770 3499 1991 3557 feminis
2017 3502 2084 3555 ad
2112 3500 2261 3556 viros
2287 3499 2429 3555 fama
2448 3501 2551 3556 ista
2588 3502 2827 3567 transiit,
2860 3503 3074 3558 tandem
3103 3502 3364 3568 obtinuit,

1762 3603 1818 3649 et
1831 3593 1976 3650 vires
1999 3592 2287 3665 acquisivit
2300 3593 2499 3650 eundo.
2514 3593 2652 3661 Quid
2667 3593 2869 3649 factum
2896 3593 3366 3667 postealChadiga

1764 3702 1902 3743 uxor
1915 3687 2168 3754 moritur,
2187 3697 2241 3741 et
2257 3688 2499 3742 omnium
2519 3688 2784 3741 bonorum
2800 3702 3023 3742 suorum
3039 3702 3104 3742 ex
3123 3701 3248 3743 asse
3263 3688 3371 3744 bo-

1764 3780 1950 3836 redem
1983 3778 2270 3835 constituit
2289 3788 2346 3833 et
2377 3778 2599 3848 reliquit
2620 3778 3090 3845 Muhammedem;
3120 3780 3211 3849 qui
3236 3794 3362 3834 cum

1765 3872 1869 3928 ista
1894 3872 2248 3943 pinguissima
2274 3872 3127 3942 haereditateserpensevasisset,
3148 3874 3369 3928 tandem

1765 3963 1940 4020 factus
1963 3974 2047 4019 est
2064 3965 2248 4020 draco.
2268 3964 2332 4017 Et
2353 3966 2422 4017 ah
2458 3965 2549 4019 illo
2581 3975 2826 4033 tempore
2851 3966 3003 4018 dives
3035 3963 3237 4029 factus,
3270 3965 3372 4019 he-

1766 4073 1956 4112 norem
1985 4058 2125 4127 apud
2150 4071 2343 4110 omnes
2363 4058 2591 4124 adeptus
2603 4066 2707 4110 est.
2731 4056 3003 4111 Gloriatio
3021 4056 3221 4126 quippe
3244 4056 3366 4111 sine

1769 4150 1876 4206 line
1906 4159 1962 4205 et
1991 4164 2112 4219 qua:
2147 4148 2286 4218 apud
2311 4148 2510 4218 vulgus
2541 4149 2856 4217 opinionem
2892 4148 3001 4205 sibi
3038 4162 3107 4203 ex
3159 4150 3359 4220 opibus

1768 4242 2046 4309 conciliat,
2077 4257 2332 4313 magnum
2365 4242 2493 4311 quid
2518 4252 2574 4296 ct
2602 4243 2974 4297 venerandum
3008 4243 3243 4317 videtur
3270 4243 3366 4297 ab-

1767 4336 1927 4406 iectis
1952 4345 2008 4392 et
2056 4352 2123 4391 ex
2156 4337 2318 4408 plebe
2351 4336 3089 4407 humilioribus.Congerens
3110 4350 3244 4407 ergo
3271 4351 3368 4391 su-

1772 4446 1870 4502 pra
1937 4438 2267 4485 memoratas
2316 4444 2483 4484 vanas
2540 4429 2853 4498 opiniones,
2883 4428 3140 4482 nimirum
3171 4443 3237 4484 ex
3268 4428 3369 4482 Ju—

1772 4524 1905 4581 daris
1934 4524 2427 4589 monarchiam,ex
2486 4523 2702 4577 Arianis
2754 4520 2989 4577 Verbum
3041 4521 3134 4579 Dei
3161 4530 3219 4576 et
3274 4522 3369 4577 Dei

1777 4621 1972 4676 Filium
2060 4633 2182 4675 esse
2226 4620 2581 4680 creaturam,
2616 4631 2684 4671 ex
2736 4614 3079 4670 Nestorianis
3134 4613 3369 4668 anthro-

1775 4713 2087 4784 polatriam,
2123 4726 2190 4766 ex
2222 4711 2326 4766 illis
2367 4710 2620 4766 omnibus
2663 4723 2827 4764 unam
2874 4707 3180 4763 doctrinam
3234 4720 3369 4760 con-

1775 4808 1944 4872 ﬂavit,
1977 4822 2139 4877 quam
2172 4805 2519 4861 auditoribus
2550 4813 2762 4872 gratam
2788 4811 2843 4858 et
2873 4803 3218 4856 decantatam
3268 4798 3369 4852 do-

1777 4903 1910 4958 cuit.
1942 4900 2004 4955 Et
2033 4902 2114 4956 sic
2141 4915 2199 4955 se
2261 4898 2434 4952 turbis
2488 4907 2543 4952 ct
2592 4896 2792 4968 populo
2846 4893 3187 4955 immiscens,
3218 4891 3365 4947 illaut

1776 4996 2091 5067 praedicavit
2153 5002 2210 5049 et
2283 4989 2623 5063 propagavit,
2684 5002 2743 5043 se
2803 4996 3059 5052 tanquam
3112 5000 3368 5055 magnum

1777 5082 2096 5164 prophetam
2129 5086 2451 5152 venditavit,
2481 5095 2537 5139 et
2589 5099 2617 5138 ο
2671 5080 2871 5153 populo
2906 5095 2964 5135 se
2990 5079 3106 5134 fere
3156 5078 3258 5134 coli
3310 5086 3372 5132 et

1779 5182 1994 5239 adorari
2031 5180 2246 5235 tandem
2296 5176 2552 5232 obtinuit.
2583 5175 2717 5229 Cum
2755 5186 2886 5227 vero
2923 5169 3093 5241 probe
3128 5170 3374 5225 novisset

56 5263 235 5324 ὄντας
276 5259 606 5333 βρωμάτων,
642 5259 825 5331 βίϐλον
859 5264 1071 5326 οἰκείας
1100 5261 1424 5333 νομοθεσίας
1456 5263 1538 5328 te:

1883 5276 2073 5332 aelitas
2101 5287 2325 5329 suarum
2354 5270 2641 5326 libidinum
2677 5280 2826 5336 ,esse
2855 5279 3007 5319 mera
3070 5262 3364 5330 mancipia,

52 5356 354 5427 γέμουσαν
394 5353 577 5423 πάσης
614 5354 931 5424 ἀκαθάρτου
969 5355 1327 5426 νομοθεσίας,
1366 5374 1534 5429 προσς

1889 5387 1901 5424 I
1932 5379 2180 5439 pastores
2204 5373 2364 5425 erant
2422 5363 2651 5418 minime
2677 5358 2901 5415 verendi
2948 5364 3003 5413 et
3052 5354 3290 5420 exitiosi,
3312 5364 3371 5409 et

53 5448 262 5509 αὐτοῖς
308 5441 377 5518 ἦν
397 5487 411 5511 ,
444 5447 539 5499 καὶ
568 5448 868 5518 οὐρανόθεν
909 5450 999 5504 διὰ
1028 5451 1122 5505 τοῦ
1163 5452 1511 5523 ἀρχαγγέλου

1884 5461 2118 5518 toritiam
2158 5467 2328 5514 artem
2368 5464 2580 5510 tantum
2630 5459 2973 5513 exercentes,
3006 5456 3060 5502 et
3112 5460 3366 5502 escarum

53 5539 239 5613 ϐριὴλ
278 5538 675 5610 κατενεχθῆναι
706 5542 858 5613 αύτῷ
879 5542 1327 5613 διεϐεϐαιώσατο,
1362 5548 1457 5603 καὶ
1488 5548 1535 5601 δε

1887 5554 2093 5623 trisque
2158 5547 2553 5616 servi,librum
2602 5543 2782 5611 legum
2826 5556 2926 5597 sua
2980 5540 3195 5611 privata
3251 5535 3369 5591 sola

62 5636 355 5705 μάτικεν,
403 5632 613 5704 ταύτην
661 5634 760 5706 τὴν
808 5639 1135 5707 νομοθεσίαν
1182 5648 1401 5720 διδάξας
1433 5659 1512 5712 τῶ

1883 5655 2085 5713 oritate
2136 5646 2429 5722 .munitum
2492 5637 2820 5709 composuit,
2891 5636 3110 5708 plenum
3168 5632 3365 5689 omais

321 5730 594 5793 ΡΑτιιοι..
627 5732 743 5793 GR.
778 5737 846 5796 Cl
862 5738 934 5799 ν.

2972 5732 3047 5793 46

933 5859 1059 5877 ‘4‘
