3978 6238
364 207 493 272 1451

1524 206 2089 269 BARTIIOLOM/El
2136 204 2507 268 EDESSENI

3511 204 3652 269 1452

360 328 586 394 impura:
615 322 882 378 doctrinae
912 323 1033 379 istis
1060 323 1371 379 liOminibus
1414 324 1765 393 gratiSsimm,
1802 321 1953 376 illum

2070 322 2173 373 Kal
2214 322 2433 391 Κουρὰν
2480 319 2687 389 ταύτην
2719 318 2980 375 ἐκάλεσεν
3005 361 3018 384 ,
3050 316 3332 373 τουτέστιν
3369 315 3521 373 Θείαν
3553 320 3653 390 δη-

358 416 500 472 coelo
531 416 597 470 ad
622 431 682 471 se
715 416 949 471 delatum
982 430 1078 483 per
1106 415 1489 486 archangelum
1519 413 1828 469 Gabrielem
1858 428 1950 467 as-

359 509 551 575 seruit,
575 510 877 564 doctrinam
912 510 1002 564 illo
1035 518 1350 564 contentam
1409 508 1647 561 medium
1685 507 1737 560 in
1764 505 1953 575 vulgus

362 602 760 665 disseminavit,
795 619 955 673 quam
999 603 1273 657 Coranum
1321 601 1555 667 vocavit,
1590 600 1643 654 id
1689 610 1774 654 est
1814 599 1952 653 divi-

363 709 487 747 nam
516 694 708 761 legem.
744 693 936 749 Sancit
957 710 1085 748 vero
1115 694 1205 747 illa
1253 694 1473 748 disertis
1521 692 1702 746 verbis
1729 688 1957 760 quemli-

362 784 456 839 bet
478 782 888 854 llagarenorum
917 799 1079 854 posse
1103 785 1205 839 sibi
1238 791 1476 853 quatuor
1508 796 1704 835 uxores
1764 779 1953 833 matri.

363 876 548 930 monio
587 876 864 946 copulare,
901 887 956 932 et
1006 893 1128 932 cum
1181 876 1285 930 illis
1328 875 1539 945 publice
1571 890 1949 940 consuescere,

364 967 702 1021 concubinas
735 983 864 1022 vero
898 978 979 1024 tot
1008 978 1140 1039 quot
1173 968 1246 1022 illi
1303 968 1588 1037 placuerit.
1626 966 1737 1022 llae
1769 977 1949 1020 autem

362 1060 574 1114 ratione
627 1062 908 1131 Agarenos
966 1064 1017 1116 in
1069 1077 1223 1117 suum
1256 1061 1461 1116 cultum
1497 1060 1769 1129 perduxit,
1836 1058 1955 1112 illos

364 1166 460 1206 sua
493 1153 739 1208 doctrina
766 1154 959 1209 imbuit
989 1169 1215 1209 monens
1246 1155 1413 1208 etiam
1452 1162 1507 1205 ut
1566 1151 1955 1220 frequentibus

2051 412 2185 481 λαδὴ
2230 412 2578 482 νομοθεσίαν,
2640 412 2821 485 ῥητῶς
2875 412 3258 483 διοριζομένην
3304 410 3510 482 αὐτὴν,
3556 411 3651 466 τὸν

2053 504 2258 558 καθένα
2286 504 2395 559 τῶν
2432 504 2755 576 Ἀγαρηνῶν
2779 504 2871 558 ὑπ’
2903 504 3152 569 ἐξουσίαν
3180 504 3323 574 ἔχειν
3352 503 3650 574 τέσσαρσιν

2054 596 2306 666 γυναιξὶν
2338 600 2746 666 συγκοινωνεῖν,
2776 598 2871 651 καὶ
2904 595 3132 659 ταύταις
3168 594 3483 665 συνομιλεῖν
3517 611 3655 664 προ-

2059 689 2281 759 φανῶς,
2324 689 2611 754 παλλακὰς
2662 690 2718 743 δὲ
2751 690 2899 760 ἔχειν
2946 689 3035 742 τὸν
3079 686 3204 741 καθ’
3245 686 3376 751 ἕνα,
3408 686 3537 749 ὅσας
3586 685 3657 738 ἂν

2056 787 2284 857 αἰρέτω.
2319 788 2432 841 Kal
2465 786 2640 849 οὕτως
2669 788 2794 849 τοὺς
2838 784 3178 855 Ἀγαρηνοὺς
3217 784 3295 845 είς
3326 783 3424 851 τὴν
3456 778 3656 834 ἑαυτοῦ

2054 880 2219 950 τιμὴν
2248 880 2460 949 ἢγαγεν
2481 919 2494 942 ,
2520 879 2618 932 καὶ
2638 877 2813 942 οὕτως
2834 879 3033 940 αὐτοὺς
3055 876 3297 939 ἐδίδαξεν
3321 917 3335 939 ,
3363 874 3459 927 καὶ
3490 889 3659 944 μετα-

2056 972 2205 1034 νοίας
2247 972 2621 1041 καταγγείλας
2659 974 2856 1025 ποιεῖν.
2899 971 3009 1023 Kal
3034 969 3081 1021 τ’
3112 968 3247 1023 ἄλλα
3280 966 3511 1030 τούτων,
3553 966 3659 1018 ὅσα

2054 1065 2112 1116 ὲν
2137 1065 2201 1134 τῇ
2240 1062 2408 1132 βίϐλῳ
2434 1064 2736 1135 ἐγράψατο.
2792 1061 2957 1131 Ἀλλᾲ
2987 1060 3081 1116 καί
3112 1077 3243 1113 ποτε
3272 1058 3457 1123 ἁπλῶς
3488 1055 3662 1128 ἐκρά-

2054 1172 2215 1209 τυνεν
2254 1157 2630 1228 νομοθέτημα.

365 1247 808 1305 inclinationibus
862 1249 1225 1317 indulgerent.
1283 1247 1350 1300 Et
1398 1247 1502 1300 alia
1565 1246 1689 1299 talia
1751 1247 1933 1301 docuit
1974 1264 2094 1317 quae
2158 1251 2209 1304 in
2266 1252 2413 1306 illius
2454 1252 2591 1306 libro
2639 1249 2840 1319 scripta
2896 1247 3272 1303 continentur.
3302 1244 3409 1301 Sed
3473 1252 3529 1299 et
3557 1242 3662 1297 ali-

365 1343 585 1412 quando
608 1342 911 1397 absolutam
942 1342 1112 1411 legem
1141 1342 1377 1409 aliquam
1410 1339 1548 1401 ﬁxit,
1573 1353 1737 1407 quam
1782 1338 1953 1392 voluit
1995 1341 2099 1394 vim
2128 1340 2327 1395 habere
2360 1352 2412 1397 et
2445 1342 2713 1397 obtinere.

436 1433 683 1489 Habebat
711 1434 909 1504 quippe
939 1435 1173 1489 amicum
1208 1432 1426 1487 nomine
1478 1431 1585 1485 Zez
1621 1432 1706 1485 cui
1753 1431 1949 1484 matri-

372 1525 769 1592 moniojnncta
798 1536 913 1579 erat
947 1540 1083 1579 uxor
1115 1524 1305 1578 formae
1328 1524 1770 1594 elegantissima).
1806 1522 1952 1577 Illius

372 1634 503 1675 vero
546 1633 735 1675 amore
777 1634 1039 1674 accensus
1064 1617 1432 1681 Muhammed,
1462 1617 1630 1670 voluit
1661 1616 1808 1670 illam
1850 1618 1952 1671 sibi
1993 1672 2033 1723 Β

376 1725 601 1765 uxorem
640 1712 867 1774 habere,
902 1723 957 1765 et
988 1711 1223 1764 amicum
1255 1711 1319 1764 ad
1346 1724 1403 1764 se
1422 1709 1634 1764 curavit
1673 1709 1956 1773 accersiri,

374 1818 536 1874 quem
573 1803 774 1860 talibus
803 1803 985 1858 verbis
1010 1804 1272 1857 adoritur.
1298 1801 1469 1865 Nosti,
1499 1801 1695 1864 amice,
1734 1814 1817 1853 me
1839 1812 1961 1853 esse

365 1897 693 1968 prophetam
718 1894 956 1965 Dei,lnec
982 1905 1095 1952 tuto
1116 1911 1213 1950 nec
1238 1902 1426 1949 sancte
1451 1892 1612 1947 dictis
1636 1893 1774 1947 meis
1800 1891 1957 1945 [idem

365 1999 425 2044 et
460 1989 861 2045 observantiam
896 1990 1103 2057 negari.
1143 1986 1297 2041 Scias
1346 2001 1475 2056 ergo
1511 1986 1562 2038 id
1615 1985 1756 2053 quod
1829 1983 1960 2038 mihi

368 2077 513 2133 Dens
546 2079 661 2147 ipse
688 2077 997 2146 imperavit.
1032 2076 1301 2130 Nimirum
1335 2086 1394 2128 ut
1431 2090 1654 2129 uxorem
1700 2085 1847 2127 tuam
1879 2074 1960 2126 di-

368 2167 573 2233 mittas,
598 2166 857 2237 illamque
884 2167 1016 2221 mihi
1050 2166 1401 2219 matrimonio
1426 2164 1674 2235 jungam.
1700 2163 1961 2230 Quando-

370 2258 590 2327 quidem
618 2271 748 2311 vero
776 2256 924 2311 illum
978 2258 1300 2326 prephetam
1358 2270 1485 2310 esse
1533 2256 1958 2319 existimabant,

371 2350 591 2407 etillnm
624 2351 914 2405 admodum
942 2350 1267 2420 probabant,
1300 2349 1491 2403 annuit
1517 2351 1657 2404 votis
1717 2360 1770 2403 et
1804 2349 1964 2403 dictis

373 2444 582 2500 amicus
616 2442 745 2509 Zez,
777 2454 834 2499 et
856 2442 926 2497 ab
955 2458 1127 2497 uxore
1156 2453 1439 2511 separatus
1465 2451 1549 2498 est
1573 2457 1737 2512 quam
1795 2441 1964 2495 tradi-

374 2538 454 2594 dit
483 2551 711 2592 uxorem
767 2535 1004 2591 futuram
1067 2535 1463 2590 Multammedis
1522 2536 1663 2589 sicut
1715 2538 1829 2604 ipse
1854 2534 1965 2603 jus-

367 2638 535 2684 serat.
580 2628 795 2685 Uxores
825 2643 955 2683 vero
987 2629 1196 2697 primas
1229 2638 1283 2682 et
1312 2642 1543 2682 numero
1577 2636 1815 2697 quatuor
1862 2626 1962 2679 ha-

369 2721 485 2776 buit
521 2720 821 2777 :videlicet
852 2720 1073 2786 Zadize,
1108 2720 1255 2785 Aise,
1280 2720 1503 2790 Zeinep,
1536 2728 1588 2776 et
1633 2719 1960 2774 Omielteim.

373 2810 575 2867 llabuit
611 2826 736 2866 vero
762 2812 929 2868 tiliam
957 2814 1178 2867 nomine
1207 2812 1524 2877 Phatmam,
1550 2825 1712 2879 quam
1764 2825 1964 2880 genero

374 2904 517 2958 Alim
537 2906 891 2962 matrimonio
935 2907 1153 2962 locavit.
1181 2905 1381 2959 llabnit
1404 2914 1459 2958 et
1480 2905 1616 2959 duos
1636 2904 1769 2959 ﬁlios
1790 2903 1966 2957 Chou-

372 3010 540 3051 sanen
556 2996 1381 3053 etChousainen.Aderantvero
1397 2997 1469 3051 illi
1486 3007 1535 3051 et
1549 2997 1637 3050 alii
1652 3005 1964 3066 synnnystze

375 3090 500 3144 etin
523 3104 692 3158 opere
717 3091 851 3146 socii
875 3099 928 3147 et
952 3094 1004 3146 in
1047 3091 1395 3161 propaganda
1430 3090 1681 3144 doctrina
1714 3104 1809 3143 sua
1839 3103 1967 3143 suc-

378 3196 627 3238 cessores
676 3183 960 3239 indefessi.
985 3183 1253 3238 Videlicet
1276 3183 1700 3252 Apoupicertas,
1730 3191 1783 3237 et
1810 3180 1970 3236 Cou-

374 3275 551 3341 biker,
580 3275 837 3343 etOmar,
856 3276 1179 3342 etTalches,
1202 3287 1256 3331 et
1283 3279 1653 3346 Opoupacres,
1682 3286 1735 3330 et
1761 3274 1966 3339 Sadnc,

376 3380 430 3423 et
456 3368 687 3435 Mausie,
716 3380 771 3424 et
798 3369 1031 3440 Supeer,
1066 3381 1122 3425 et
1144 3370 1376 3433 Adelau,
1404 3378 1459 3424 et
1503 3368 1642 3433 Zeit,
1673 3378 1727 3422 et
1753 3368 1965 3432 Zeiton,

375 3474 426 3519 et
457 3463 599 3531 Zait,
622 3475 674 3518 et
711 3464 969 3527 Ollnnan,
1000 3479 1227 3519 numero
1254 3463 1504 3518 videlicet
1526 3462 1831 3517 duodecim.
1862 3462 1972 3514 An-

381 3558 532 3629 gelos
564 3573 691 3613 vero
720 3568 979 3627 portento
1006 3560 1165 3618 miro,
1203 3568 1258 3611 et
1289 3572 1355 3612 ex
1403 3572 1583 3610 rerum
1615 3556 1969 3609 colendarum

379 3664 610 3705 numero
635 3664 758 3705 esse
807 3648 1365 3711 dictitabat,Aratum
1409 3646 1643 3712 scilicet,
1680 3644 1968 3707 Maratum,

378 3741 654 3811 'l‘sapham
680 3750 735 3795 et
774 3740 1041 3794 Maruam.
1086 3738 1260 3793 Erant
1316 3752 1448 3791 vero
1485 3745 1540 3791 et
1592 3737 1868 3805 propheta:
1917 3745 1973 3789 et

380 3833 610 3901 apostoli
671 3848 699 3885 a
752 3831 1127 3886 Mubammede
1156 3830 1465 3894 memorati,
1497 3828 1755 3882 nimirum
1792 3828 1968 3893 Chud,

382 3925 565 3991 Tsale,
596 3940 690 3980 seu
716 3924 895 3989 Salee,
930 3924 1117 3993 Soaip,
1142 3923 1318 3985 Edris,
1346 3920 1744 3990 Choualeiphil,
1775 3920 1971 3975 etLoe-

383 4032 508 4073 man
542 4017 658 4087 ipse
686 4032 811 4071 cum
855 4016 989 4071 illis.
1015 4014 1144 4070 Post
1173 4016 1294 4069 illos
1320 4014 1498 4084 jungit
1543 4014 1973 4082 quamplurimos

382 4110 521 4167 alios
561 4109 782 4180 scriptis
832 4107 1053 4163 Veteris
1086 4108 1421 4164 Testamenti
1455 4108 1766 4162 notissimos
1816 4106 1971 4160 Noa-

381 4202 567 4269 cbum,
596 4202 993 4267 Abrahamum,
1017 4200 1563 4269 lsaacum,Jacobum
1602 4240 1617 4261 ,
1654 4199 1971 4270 Josephnm,

386 4295 597 4363 Mosen,
633 4296 853 4362 Jobum,
899 4296 1208 4356 Aaronem,
1265 4294 1548 4357 Davidem,
1599 4294 1969 4357 Salomonem,

2129 1436 2287 1488 Φίλον
2332 1435 2441 1506 γὰρ
2486 1431 2603 1505 εἶχέ
2644 1450 2768 1486 τινα
2807 1431 2909 1495 Ζὲζ
2952 1428 3507 1501 προσηγορευμένον,
3549 1444 3659 1497 γυο

2059 1528 2223 1581 ναῖκα
2250 1526 2445 1598 ἔχοντα
2476 1525 2666 1579 κάλλει
2702 1525 2910 1595 ὡραίαν
2946 1524 3111 1586 πάνυ,
3163 1522 3259 1575 καὶ
3280 1521 3484 1593 ταύτης
3521 1522 3663 1591 πρὸς

2063 1620 2243 1691 ἔρωτα
2276 1619 2542 1689 κινηθεὶς,
2570 1618 2666 1672 καὶ
2682 1618 2915 1690 θελήσας
2951 1616 3137 1670 λαϐεῖν
3158 1614 3329 1685 αὐτὴν
3360 1614 3661 1685 ὁμόζυγον,

2070 1712 2518 1785 προσεκαλέσατο
2574 1710 2761 1765 τοῦτον
2786 1752 2799 1775 ,
2852 1711 2949 1763 καὶ
2979 1704 3135 1761 εἶπεν
3174 1708 3345 1778 αὐτῷ’
3368 1702 3563 1773 Οἶδας,
3616 1701 3665 1759 ὧ

2064 1809 2289 1878 ἑταῖρε,
2334 1807 2410 1870 ὡς
2454 1806 2747 1876 προφήτης
2791 1803 2901 1873 ἐγὼ
2950 1804 3209 1872 τυγχάνω
3249 1799 3421 1865 Θεοῦ,
3458 1801 3553 1853 καὶ
3598 1799 3665 1852 τὸ

2061 1902 2174 1963 τοῖς
2204 1901 2358 1971 ὲμοῖς
2409 1898 2649 1969 ῥήμασίν
2680 1914 2801 1950 τινα
2854 1898 3127 1960 ἀπιστεῖν,
3164 1894 3263 1964 οὐχ
3300 1894 3472 1946 ὅσιον.
3517 1893 3665 1945 Ἰσθι

2063 1987 2179 2055 οὖν,
2201 1992 2277 2054 ὡς
2305 1988 2644 2061 προσέταξέν
2679 2007 2769 2060 μοι
2793 1990 2822 2042 6
2847 1988 3000 2052 Θεὸς,
3036 1987 3094 2040 σὲ
3131 1987 3229 2057 μὲν
3264 1984 3534 2040 ἀπολῦσαι
3561 1983 3666 2055 τὴν

2068 2084 2206 2138 ίδίαν
2251 2085 2525 2152 γυναῖκα,
2586 2082 2688 2152 ἐμὲ
2730 2081 2787 2134 δὲ
2820 2079 3028 2149 ταύτην
3072 2078 3278 2131 λαϐεῖν.
3335 2076 3492 2129 Ἐπεὶ
3529 2075 3668 2144 γοῦν

2066 2176 2357 2247 προφήτην
2416 2170 2565 2246 εἶχον
2622 2173 2815 2227 τοῦτον
2860 2172 3099 2236 πάντες,
3146 2170 3223 2232 ὡς
3254 2170 3483 2239 εἴπομεν
3509 2207 3525 2232 ,
3568 2166 3670 2220 καὶ

2065 2267 2313 2339 ᾐδοῦντο,
2363 2266 2657 2321 κατένευσε
2698 2265 2776 2337 τῷ
2811 2264 2957 2335 λόγῳ
2986 2260 3155 2318 αὐτοῦ
3190 2263 3218 2315 6
3257 2261 3389 2327 Ζὲζ,
3425 2260 3524 2313 xal
3561 2258 3667 2327 τὴν

2066 2363 2305 2431 γυναῖκα
2344 2359 2513 2414 αὐτοῦ
2546 2357 2825 2430 ἐχωρίσθη
2848 2398 2863 2424 ,
2910 2357 3007 2410 καὶ
3046 2355 3252 2425 ταύτην
3286 2356 3314 2407 6
3359 2351 3670 2423 Μαχούμετ

2065 2452 2436 2524 προσελάϐετο
2481 2454 2561 2516 είς
2611 2454 2885 2521 γυναῖκα,
2917 2447 3103 2512 καθὼς
3149 2444 3329 2501 εἶπεν.
3385 2447 3673 2508 Γυναῖκας

2064 2546 2122 2600 δὲ
2152 2546 2307 2615 ἔσχεν
2351 2545 2449 2608 τὰς
2482 2542 2705 2616 πρώτας
2733 2544 2827 2597 καὶ
2871 2541 3008 2605 ίδίας
3039 2542 3206 2596 αύτου
3236 2540 3277 2593 δ’
3297 2557 3310 2570 ⁸
3356 2540 3527 2610 ἤγουν
3564 2538 3672 2605 τὴν

2066 2635 2282 2699 Ζαδιζὲ,
2319 2638 2413 2689 καὶ
2452 2635 2553 2707 τὴν
2601 2635 2768 2698 Ἀἵσὲ,
2802 2636 2899 2687 καὶ
2926 2634 3024 2703 τὴν
3052 2632 3271 2695 Ζεῖνὲπ,
3294 2630 3389 2684 καὶ
3424 2628 3673 2699 Ὀμειελ-

2066 2728 2214 2799 θείμ.
2263 2727 2493 2782 Ἔτεκεν
2534 2728 2592 2780 δὲ
2646 2727 2741 2781 καὶ
2782 2726 3117 2796 θυγατέραν,
3165 2724 3266 2795 τὴν
3296 2725 3545 2794 Φὰτμαν,
3595 2720 3671 2791 ἢν

2065 2822 2164 2875 καὶ
2208 2821 2670 2892 ὲπεγάμϐρευσεν
2707 2822 2795 2874 ἐπ’
2827 2819 3000 2890 αὐτὴν
3030 2817 3283 2888 γαμϐρὸν
3317 2816 3409 2870 τὸν
3445 2813 3669 2885 Ἀλείμ.

2066 2913 2177 2966 Καὶ
2223 2914 2375 2977 υἱοὺς
2426 2912 2554 2974 δύο,
2587 2912 2679 2966 τὸν
2737 2912 3018 2980 Χασάνην,
3066 2910 3164 2963 καὶ
3205 2908 3297 2962 τὸν
3334 2907 3668 2976 Χουσεῖνην.

2066 3002 2251 3060 *Ησαν
2277 3006 2333 3060 δὲ
2356 3006 2450 3059 καὶ
2476 3008 2523 3060 οἱ
2555 3006 2736 3077 ἕτεροι
2774 3004 3113 3075 συμμύσται,
3142 3002 3238 3056 καλ⁵
3268 2999 3545 3071 συνεργοὶ,
3570 2999 3675 3053 καὶ

2071 3097 2308 3167 διάδοχοι
2342 3096 2529 3152 αὐτοῦ.
2578 3098 2786 3165 ’Ἡγουν
2836 3099 2864 3150 6
2922 3095 3329 3166 Πουπικέρτος,
3379 3093 3472 3146 καὶ
3521 3094 3676 3144 Κου-

2046 3187 2258 3258 νϐίκερ,
2308 3190 2403 3240 καὶ
2432 3188 2654 3260 υύμὰρ,
2699 3191 2794 3242 καὶ
2830 3188 3070 3258 Τάλχης,
3102 3187 3199 3240 καὶ
3230 3188 3259 3239 6
3302 3184 3671 3255 Πουπάκρης,

2072 3279 2101 3331 6
2161 3279 2402 3346 Σαδοὺκ,
2446 3280 2538 3332 καὶ
2576 3280 2825 3345 Μαυσιὲ,
2865 3281 2895 3332 6
2924 3277 3210 3349 Σουπεὴρ,
3243 3276 3271 3328 6
3320 3275 3578 3339 ’Ᾱδελαῦ,
3642 3278 3676 3327 ὁ

2073 3368 2196 3424 Ζεῒτ
2218 3410 2233 3436 ,
2269 3372 2364 3424 καὶ
2407 3372 2435 3423 6
2477 3371 2685 3437 Ζίτων,
2738 3370 2833 3425 καὶ
2868 3370 3026 3432 Σλῖτ,
3056 3369 3151 3422 xal
3191 3366 3451 3439 Ούθμάν,
3495 3366 3677 3437 ἧγουν

2077 3462 2163 3533 ιβ’.
2211 3463 2502 3532 Ἀγγέλους
2539 3463 2597 3516 δὲ
2628 3462 3024 3533 τερατεύεσθαι
3067 3463 3131 3514 ἐκ
3160 3461 3267 3515 τῶν
3298 3458 3674 3530 σεϐασμάτων

2073 3553 2238 3622 εἶναι,
2275 3559 2367 3611 τόν
2399 3575 2460 3611 τε
2520 3556 2695 3629 Ἀρὼθ
2719 3598 2732 3620 ,
2778 3556 2995 3611 καὶτὸν
3024 3554 3258 3625 Μαρὼθ,
3299 3554 3394 3608 καὶ
3432 3552 3627 3624 Τζάφα
3650 3593 3670 3620 ,

2075 3651 2170 3705 xal
2201 3650 2291 3703 τὸν
2322 3651 2556 3721 Μαρούα
2578 3689 2590 3703 .
2626 3650 2911 3721 Προφῆται
2946 3649 3003 3701 δὲ
3024 3687 3037 3711 ,
3058 3648 3155 3701 καλ¹
3179 3647 3473 3701 ἀπόστολοι
3500 3662 3678 3718 προσ-

2078 3741 2474 3812 αγορεύομενοι
2530 3743 2659 3811 παρ’
2712 3740 2876 3792 αὐτοῦ
2925 3739 3020 3793 τοῦ
3055 3737 3326 3807 Μωάμεθ,
3358 3738 3535 3791 είτουν
3573 3738 3673 3791 τὸν

2073 3835 2218 3888 Χοὺδ
2239 3877 2253 3901 ,
2294 3835 2390 3887 καὶ
2434 3834 2667 3900 Τζάλετ,
2711 3833 2744 3903 ἦ
2777 3832 2990 3897 Σάλεκ,
3021 3832 3120 3885 καὶ
3155 3831 3247 3884 τὸν
3275 3831 3485 3884 Σουατπ
3508 3872 3523 3897 ,
3569 3832 3673 3886 καὶ

2073 3928 2166 3982 τὸν
2213 3928 2442 3999 Ἐδρὴς,
2480 3927 2696 3980 καὶτὸν
2728 3925 3100 3995 Χουαλκιφ“ιλ,
3133 3926 3230 3977 καὶ
3281 3925 3373 3977 τὸν
3414 3925 3672 3994 Λοημὰν,

2074 4018 2237 4074 αὑτὸν
2271 4019 2412 4089 μετὰ
2436 4017 2667 4074 τούτων.
2696 4020 2934 4089 Παρέγει
2970 4019 3090 4089 μετ’
3117 4017 3317 4080 αὐτοὺς
3347 4018 3441 4070 καὶ
3473 4020 3539 4070 ὲκ
3570 4018 3677 4087 τῆς

2076 4112 2323 4175 Παλαιᾶς
2348 4112 2513 4183 δῆθεν
2545 4111 2771 4183 Γραφῆς
2792 4152 2805 4176 ,
2846 4110 2940 4164 τοῦ
2969 4128 3029 4163 τε
3045 4110 3169 4163 Νῶε
3190 4151 3207 4177 ,
3238 4110 3331 4163 καὶ
3377 4109 3635 4179 ’Δϐραᾶμ
3655 4149 3673 4174 ,

2076 4204 2171 4257 καὶ
2213 4204 2424 4269 Ἰσαὰκ,
2456 4204 2551 4257 καὶ
2597 4202 2817 4266 Ἰακὼϐ,
2847 4204 2943 4255 καὶ
2986 4201 3206 4272 Ἰωσὴφ,
3248 4202 3345 4255 καὶ
3388 4198 3536 4265 Ἰὼϐ,
3573 4200 3678 4252 καὶ

2075 4296 2347 4359 Μωσέως,
2383 4296 2478 4349 καὶ
2516 4294 2750 4368 Ἀαρὼν,
2785 4296 2881 4348 καὶ
2920 4294 3109 4358 Δαϐὶδ,
3138 4294 3235 4347 καὶ
3278 4291 3674 4362 Σολομῶντος,

383 4386 579 4452 Eliam,
608 4385 825 4453 lunam,
859 4385 1183 4441 Zachariam
1220 4396 1430 4455 patrem
1460 4384 1685 4439 Joannis
1714 4383 1964 4453 Baptism

2077 4386 2174 4439 καὶ
2238 4386 2435 4451 Ἠλία,
2488 4388 2582 4441 καὶ
2647 4387 2837 4451 Ἰωνᾶ,
2882 4387 2975 4440 καὶ
3020 4384 3293 4457 Ζαχαρίου
3323 4383 3416 4438 τοῦ
3459 4382 3677 4452 πατρὸς

384 4477 766 4548 prwcursoris,
799 4474 1117 4540 Jeremiam,
1155 4475 1452 4538 Danielem,
1488 4472 1969 4540 llIelchisedeeum,

384 4579 437 4625 et
460 4584 657 4625 omnes
690 4581 900 4625 veteres
926 4568 1219 4639 prephetas
1239 4577 1293 4622 et
1318 4567 1429 4621 Deo
1459 4566 1662 4621 ﬁdeles.

452 4752 704 4809 Jactabat
752 4761 807 4807 et
874 4751 1201 4806 sententiam
1274 4765 1305 4804 e
1358 4749 1498 4803 caelo
1550 4762 1611 4803 se
1689 4746 1974 4817 accepisse

385 4855 746 4907 asserentem,
799 4843 944 4915 quod
1012 4842 1156 4898 Deus
1216 4856 1376 4911 quem
1444 4842 1559 4894 vult
1617 4839 1684 4894 ad
1772 4842 1971 4894 bonum

384 4941 571 5006 ﬂectit,
595 4940 822 4995 alterius
865 4953 993 4993 vero
1027 4953 1121 4991 eor
1150 4935 1373 4990 indurat
1408 4943 1463 4990 et
1516 4934 1691 4987 reddit
1721 4931 1971 4986 innueri-

383 5052 593 5109 gerum.
621 5034 687 5088 Et
718 5036 863 5104 quod
891 5034 937 5088 si
973 5034 1115 5087 Deus
1147 5030 1311 5086 vellet
1349 5030 1555 5082 mutuis
1595 5027 1752 5083 bellis
1793 5026 1972 5081 homi-

384 5145 483 5185 nes
520 5144 582 5185 se
645 5142 754 5182 non
805 5125 1127 5180 invaderent
1185 5133 1239 5177 et
1305 5120 1662 5175 lacesserent.
1689 5119 1795 5174 Sed
1826 5118 1969 5187 quod
2004 5164 2005 5167 η

383 5219 527 5276 Deus
565 5218 729 5274 faciat
753 5231 1093 5287 quaecunque
1128 5212 1262 5279 vult,
1288 5212 1359 5267 sit
1379 5226 1547 5266 causa
1581 5212 1705 5267 boni
1735 5219 1790 5265 et
1820 5210 1969 5276 mali,

386 5314 729 5383 imperetque
752 5310 868 5363 fato
890 5319 945 5363 et
969 5306 1224 5362 fortuna}.
1261 5302 1671 5358 Obtrudebatet
1707 5302 1807 5356 alia
1868 5303 1968 5357 do-

380 5415 563 5478 gmata
601 5402 910 5467 lsmaelitis,
942 5401 1085 5471 quod
1121 5399 1376 5453 nimirum
1420 5394 1679 5449 Dominus
1710 5395 1850 5450 Deus
1888 5394 1974 5452 Je-

381 5515 478 5555 sus
509 5498 782 5564 Christus,
814 5511 881 5551 ex
911 5493 1133 5565 Virgine
1162 5490 1332 5546 Maria
1366 5490 1485 5545 sine
1518 5489 1726 5543 semine
1754 5489 1969 5561 genitus

382 5593 544 5649 fuerit
581 5607 679 5663 per
734 5586 979 5645 Verbum
1029 5595 1084 5639 et
1112 5584 1374 5654 Spiritum
1404 5581 1517 5635 Dei.
1553 5579 1617 5635 Et
1650 5583 1793 5651 quod
1842 5597 1965 5637 cum

375 5686 618 5744 infantia:
660 5697 877 5741 teneros
902 5695 1077 5735 annos
1109 5680 1343 5734 nondum
1373 5687 1966 5750 essetﬂsupergressus

2091 4478 2339 4532 Ἰωάννου
2372 4478 2467 4531 τοῦ
2499 4479 2837 4549 Προδρόμου,
2870 4480 2965 4532 καὶ
3002 4477 3291 4549 Ἱερεμίου,
3327 4477 3423 4531 xal
3445 4475 3673 4546 Δανιὴλ,

2076 4570 2173 4623 καὶ
2209 4570 2569 4641 Μελχισέδεκ,
2605 4572 2700 4624 καὶ
2748 4572 2961 4635 πάντας
3007 4572 3133 4634 τοὺς
3174 4569 3409 4625 ἔκπαλαι
3451 4568 3677 4641 προφή-

2076 4679 2175 4727 τας
2197 4704 2210 4727 ,
2245 4665 2341 4717 καὶ
2368 4666 2425 4717 ἐν
2458 4662 2577 4734 6εῴ
2613 4664 2861 4728 πιστούς.

2150 4754 2397 4807 Ἀνωθεν
2419 4754 2817 4825 ἐπιλαϐόμενος
2843 4756 3016 4809 δοκῶν
3041 4754 3219 4809 τοιάδε
3237 4754 3494 4823 λέγουσα,
3527 4740 3613 4806 ὅτι
3643 4755 3676 4807 ὁ

2076 4844 2211 4908 Θεὸς
2249 4845 2308 4897 ὃν
2341 4846 2487 4899 θέλει
2512 4847 2698 4916 ὁδηγεῖ
2736 4849 2815 4906 είς
2850 4847 3080 4913 ἀγαθὸν,
3115 4847 3173 4899 ὃν
3204 4846 3260 4899 δὲ
3296 4846 3462 4912 θέλει,
3502 4844 3673 4918 σκλη-

2076 4937 2229 5009 ρύνει
2250 4953 2261 4969 °
2298 4939 2393 4991 καὶ
2417 4940 2499 4991 ὅτι
2523 4979 2536 5003 ,
2575 4940 2625 4991 εί
2654 4940 2682 4990 6
2712 4939 2843 5003 Θεὸς
2868 4940 3092 5009 ἤθελεν,
3128 4940 3229 4993 οὐκ
3262 4938 3329 4993 ἂν
3364 4938 3672 5007 ἐπολέμουν

2076 5030 2327 5101 ἀλλήλοις
2358 5031 2408 5083 cl
2432 5030 2733 5102 ἄνθρωποι.
2782 5030 2923 5084 Ἀλλ’
2956 5031 3118 5094 αὐτὸς
3153 5032 3346 5084 ποιεῖὸ
3370 5028 3503 5093 Θεὸς
3528 5029 3671 5101 ὅπερ

2076 5123 2369 5194 βούλεται,
2428 5126 2523 5178 καὶ¹
2568 5124 2773 5187 παντὸς
2822 5124 3062 5192 ἀγαθοῦ,
3102 5125 3196 5178 καὶ
3225 5120 3466 5193 πονηροῦ
3504 5121 3671 5185 αὐτός

2072 5219 2222 5271 ἐστιν
2268 5218 2461 5282 αῐτιος.
2511 5220 2619 5271 Kal
2669 5218 2807 5290 τύχη
2868 5220 2961 5273 καὶ
3010 5219 3321 5289 εἱμαρμένη
3352 5216 3446 5270 ὑπ’
3495 5214 3668 5270 αὐτοῦ

2074 5311 2241 5364 ἐστιν.
2286 5311 2537 5380 Λέγειὸὲ
2587 5312 2683 5364 καὶ
2714 5310 2910 5382 ἐτέρας
2955 5310 3307 5372 διδασκαλίας
3356 5310 3495 5380 πρὸς
3537 5310 3669 5373 τοὺς

2085 5403 2471 5472 Ἰσμαηλίτας,
2507 5405 2588 5456 ὅτι
2624 5406 2653 5456 6
2680 5403 2887 5473 Κύριος
2924 5402 3020 5456 καὶ
3068 5402 3202 5465 Θεὸς
3268 5400 3478 5471 Ἰησοῦς
3525 5401 3664 5472 Χρι-

2075 5495 2198 5557 στὸς
2234 5495 2341 5548 ἀπὸ
2384 5495 2608 5567 Μαρίας
2655 5495 2757 5562 τῆς
2789 5494 3068 5565 Παρθένου
3109 5494 3237 5548 ἄνευ
3286 5494 3495 5565 σπορᾶς
3537 5510 3667 5561 γεν-

2073 5586 2257 5656 νηθεὶς
2308 5590 2371 5640 ἐκ
2401 5586 2495 5640 τοῦ
2548 5588 2723 5655 Λόγου
2756 5587 2849 5639 τοῦ
2883 5586 3018 5639 Θεοῦ
3065 5586 3160 5639 καὶ
3194 5585 3287 5639 τοῦ
3320 5585 3663 5656 Πνεύματος.

2071 5677 2178 5730 Κα“·.
2208 5676 2287 5731 ἔτι
2319 5680 2510 5751 νίδπιος
2538 5678 2614 5734 ὢν
2635 5680 2861 5733 πετεινᾷ
2892 5680 2955 5732 ἐκ
3002 5679 3190 5747 πηλῶν
3238 5678 3659 5751 ὲπλαστούργει,
