3752 6232
152 178 300 252 H53

1282 190 1761 260 CONFUTATIO
1800 194 2350 270 MUHAMMEDIS.

3308 196 3446 278 list

145 302 254 354 καὶ
274 293 538 371 ἐμφυσῶν
568 299 745 355 ὲποίει
770 298 913 357 αὗτά
931 301 1083 370 ζῶα,
1097 304 1195 359 καὶ
1219 306 1457 375 τυφλοὺς
1482 308 1622 369 ίᾶτο,

1961 325 2104 368 teres
2136 329 2200 368 ex
2256 314 2370 370 luto
2428 314 2767 386 formaverit,
2802 319 2855 374 in
2911 332 3051 391 quas
3086 335 3209 377 cum
3266 322 3443 381 insuf-

144 391 386 462 νεκροὺς
414 392 633 463 ήγειρε.
666 394 779 448 Καὶ
812 394 895 448 ὅτι
940 396 1006 450 ὲκ
1038 397 1443 469 παρακλήσεως
1476 397 1589 452 τῶν
1617 398 1748 453 ἀποο

145 485 360 539 στόλων
401 486 644 558 ᾐτήσατο
680 484 773 539 τὸν
822 485 987 552 Θεὸν,
1021 489 1120 542 καὶ
1165 489 1510 560 κατήνεγκεν
1549 489 1615 541 ὲκ
1646 487 1745 541 τοῦ

143 574 385 647 οὐρανοῦ
416 576 723 648 τράπεζαν,
752 578 848 633 καὶ
890 577 1183 651 ἐξέτρεψεν
1215 578 1437 647 αὐτοὺς,
1474 578 1570 635 καὶ
1601 579 1749 651 μάλα

141 669 303 725 λαόν.
336 671 446 725 Καὶ
471 671 555 725 ὅτι
598 671 724 725 οὔτε
771 671 1131 745 ἐσταυρώθη,
1171 672 1298 727 οὔτε
1331 672 1453 727 κατ’
1486 672 1748 744 ἀλήθειαν

142 761 427 822 ἀπέθανεν
450 762 529 825 ὡς
553 761 866 836 ἄνθρωπος,
899 765 1039 819 ἀλλὰ
1064 766 1210 820 κατὰ
1236 765 1542 835 φαντασίαν
1576 764 1748 836 μόνην

141 849 328 905 ταῦτα
374 851 530 922 παρὰ
572 852 685 907 τῶν
726 851 999 927 Ἑϐραίων
1038 854 1255 926 ύπέστη
1278 896 1293 921 ,
1348 855 1543 910 τοῦτον
1591 855 1748 925 νομί-

146 958 351 1007 σαντες
403 943 801 1016 ἐσταύρωσαν,
832 946 952 1000 ἀλλ’
978 945 1106 1001 οὔτε
1140 964 1224 1012 τις
1259 947 1427 1002 αὐτοῦ
1470 946 1613 1011 ὅλως
1649 946 1749 1018 οὐχ

138 1036 355 1108 ἥψατο,
389 1036 531 1092 ἀλλὰ
569 1038 711 1110 πρὸς
734 1040 946 1109 ἀθεταν,
987 1041 1086 1097 καὶ
1132 1042 1419 1105 ἀπιστίαν,
1452 1040 1548 1095 καὶ
1575 1042 1750 1095 ἁπαν-

142 1127 401 1200 θρωπίαν
448 1128 642 1185 τοῦτον
698 1131 924 1203 ἐώρων,
972 1132 1100 1186 ὅσον
1146 1133 1289 1186 κατὰ
1347 1132 1450 1196 τὰς
1514 1130 1748 1200 ὲφικτὰς

144 1218 245 1273 καὶ
275 1218 628 1292 δυσωνυμίας
680 1220 867 1277 αὐτῶν
900 1222 1279 1278 πεπονθότων.
1313 1221 1422 1276 Καὶ
1461 1219 1623 1276 τοῦτο
1663 1220 1751 1275 λέ-

142 1327 286 1381 γων,
313 1312 396 1365 ὅτι
440 1312 742 1385 ἐρωτηθεὶς
793 1313 949 1386 παρὰ
1003 1315 1101 1369 τοῦ
1144 1313 1316 1369 Θεοῦ·
1344 1315 1411 1368 Εί
1455 1313 1752 1385 ὠνόμασας

144 1402 347 1456 ἑαυτὸν
371 1402 510 1459 Θεὸν
535 1406 595 1458 ὲν
620 1404 701 1476 τῷ
732 1406 925 1478 κόσμῳ
945 1423 959 1437 ο
994 1408 1028 1461 6
1054 1408 1110 1462 δὲ
1140 1405 1296 1463 εἶπεν
1315 1425 1331 1439 ·
1365 1403 1437 1463 Ὦ
1482 1408 1712 1478 Ἰωάννη
1731 1446 1748 1471 ,

144 1495 214 1548 σὺ
247 1487 418 1558 εἶπας
447 1494 543 1550 τὸν
568 1494 733 1565 λόγον
762 1497 960 1552 τοῦτον
981 1539 999 1567 ,
1026 1499 1110 1554 ὅτι
1140 1500 1269 1563 Υίός
1304 1500 1420 1571 είμι
1459 1497 1554 1553 τοῦ
1587 1498 1748 1567 Θεοῦ,

143 1582 246 1637 καὶ
288 1583 446 1649 Θεός.
501 1585 811 1658 Ἦρνήσατο
834 1626 849 1653 ,
883 1587 1063 1658 λέγων
1087 1626 1103 1654 ,
1136 1591 1221 1644 ὅτι
1252 1590 1323 1643 Σὺ
1354 1590 1537 1646 πάντα
1583 1587 1750 1658 γινώ-

1850 399 2060 470 ﬂesset,
2092 405 2433 474 iucceperunt
2458 413 2685 475 moveri,
2718 412 2926 468 sentire
2971 423 3025 467 et
3060 414 3231 470 halitu
3261 416 3447 472 edica-

1852 492 2077 549 cissimo
2111 498 2343 552 animari
2376 506 2432 554 et
2488 500 2776 557 viviﬁcari.
2813 499 3059 573 Insuper,
3079 507 3222 573 quod
3265 520 3443 563 caecos

1851 592 2147 656 sanaverit,
2173 601 2416 649 mortuos
2457 594 2733 661 excitarit,
2759 596 2901 665 quod
2954 612 2981 647 ευ
3011 599 3023 649 l
3070 598 3442 666 apostolorum

1850 694 2070 734 suorum
2127 685 2548 753 postulationem
2611 686 2779 742 Deum
2837 689 3113 757 rogaverit
3157 691 3251 762 qui
3304 692 3446 749 caelo

1851 771 2120 828 dimiserit
2186 790 2430 833 mensam
2513 778 2683 834 variis
2759 778 2991 850 dapibus
3018 791 3275 837 onustam
3316 783 3443 852 qui-

1851 863 1953 919 bus
1999 866 2277 936 apostolos
2303 868 2450 938 ipsos
2515 880 2571 926 et
2628 869 2816 926 turbas
2867 871 3300 943 quamplurimas
3360 868 3444 928 ci-

1853 957 2066 1013 baverit
2108 970 2162 1014 et
2202 959 2607 1017 refocillaverit.
2639 963 2794 1031 Quod
2829 966 2979 1020 cruci
3015 980 3125 1022 non
3164 966 3329 1021 fuerit
3361 965 3447 1019 af-

1852 1047 2013 1114 fixus,
2042 1062 2143 1103 nec
2170 1063 2357 1105 revera
2386 1061 2442 1105 ut
2469 1052 2634 1108 homo
2684 1063 2937 1109 mortuus
2992 1054 3176 1120 fuerit,
3200 1056 3296 1112 sed
3336 1058 3443 1111 ista

1856 1147 2065 1193 tantum
2096 1142 2393 1211 contigisse
2416 1145 2717 1199 secundum
2759 1146 3139 1215 apparentiam
3203 1155 3261 1201 et
3316 1161 3443 1217 spe-

1852 1231 2013 1298 ciem,
2039 1247 2213 1302 eaque
2233 1234 2303 1289 ab
2334 1233 2583 1291 Hebraeis
2611 1249 2734 1292 esse
2770 1237 3075 1309 supposita,
3106 1238 3199 1310 qui
3235 1238 3435 1295 existi-

1852 1335 2078 1380 marunt
2109 1326 2161 1379 in
2205 1340 2370 1383 cruce
2390 1327 2538 1382 illum
2564 1328 2744 1398 ipsum
2777 1330 3067 1387 sustulisse
3121 1340 3179 1388 et
3207 1346 3442 1401 suspen-

1853 1416 2020 1471 disse.
2071 1414 2178 1473 Sed
2216 1432 2406 1473 revera
2436 1419 2618 1475 nuHus
2652 1421 2804 1477 illum
2836 1422 3219 1492 apprehendit,
3250 1423 3347 1479 sed
3376 1425 3445 1479 ad

1852 1507 2069 1563 illorum
2096 1510 2456 1578 impietatem,
2486 1512 2947 1582 incredulitatem,
2979 1515 3439 1572 inhumanitatem

1857 1601 2190 1668 testandam,
2228 1604 2483 1658 viderunt
2508 1604 2657 1660 illum
2691 1616 2962 1678 quantum
2991 1623 3061 1664 ex
3107 1623 3296 1664 eorum
3355 1612 3445 1662 ln-

143 1692 342 1742 σκεις,
386 1678 488 1732 καὶ
534 1673 705 1746 οἶδας,
759 1679 845 1735 ὃτι
890 1681 993 1735 οὐκ
1036 1682 1301 1752 ὡνόμασα
1342 1681 1538 1737 ἑαυτὸν
1571 1681 1625 1735 Θι

1962 1693 2042 1748 slis
2077 1693 2283 1750 viribus
2344 1697 2620 1766 pendebat
2641 1740 2657 1765 ,
2688 1673 2881 1756 revera
2936 1700 3255 1772 patientem.
3277 1699 3444 1755 Addit

139 1769 177 1841 ἧ
217 1771 347 1825 Υίόν
372 1788 504 1825 σουο
538 1771 725 1837 δοῦλος
776 1775 886 1846 γάρ
933 1774 1027 1829 σού
1058 1776 1207 1847 ειμι,
1232 1778 1339 1849 ,καὶ
1377 1776 1477 1847 οὐχ
1538 1776 1752 1848 ὐπερη·

143 1866 463 1940 φανεύομαι
498 1869 661 1924 τοῦτο
706 1869 1023 1926 καλεῖσθαι.
1055 1873 1168 1926 Καὶ
1203 1873 1336 1927 ὄτιὸ
1377 1872 1512 1937 Θεὸς
1557 1871 1752 1926 ἐλαϐεν

143 1959 316 2014 αὐτὸν
372 1963 456 2026 είς
484 1962 579 2016 τὸν
623 1962 865 2035 οὐρανὸν
913 1963 1005 2019 διὰ
1048 1964 1113 2018 τὸ
1161 1963 1286 2020 λίαν
1328 1964 1508 2035 φιλεῖν
1562 1964 1748 2019 αὐτόν.

144 2050 259 2104 Καὶ
291 2051 385 2105 ὅτε
411 2052 644 2120 ἀνῆλθεν
673 2056 703 2108 6
730 2054 968 2126 Χριστὸς
997 2057 1058 2111 ἑν
1092 2056 1173 2129 τῷ
1201 2056 1439 2129 οὐρανῷ,
1470 2056 1595 2110 τότε
1612 2057 1755 2128 ἐρωε-

142 2140 288 2214 τήθη
304 2142 439 2213 περὶ
468 2142 657 2199 αὐτοῦ.
681 2145 787 2199 Τὸν
815 2146 1052 2218 Χριστὸν
1077 2147 1140 2201 οὐ
1165 2146 1403 2216 λέγωσιν
1427 2146 1555 2201 Υίὸν
1579 2146 1743 2214 Θεοῦ,

143 2234 269 2290 ἀλλ’
297 2237 628 2304 ἀπόστολον,
662 2239 758 2293 καὶ
783 2241 1097 2313 προφήτην,
1116 2239 1310 2295 καθότι
1337 2243 1367 2294 ὁ
1399 2239 1557 2306 Θεὸς,
1586 2239 1746 2309 φησι,

144 2328 425 2384 κωινωνὸν
453 2330 555 2386 οὐκ
600 2329 715 2403 ἔχει
737 2370 753 2397 ,
802 2333 901 2387 καὶ
933 2332 1140 2397 πάντες
1170 2333 1223 2386 οι
1268 2330 1555 2395 ποιοῦντες
1594 2330 1748 2401 αὺτῷ

1848 1796 1905 1841 et
1932 1787 2077 1843 istud
2094 1788 2247 1858 quod
2271 1804 2393 1844 cum
2424 1788 2583 1847 Jesus
2601 1791 2671 1847 ad
2698 1792 2873 1849 caelos
2912 1794 3273 1865 pervenisset,
3302 1793 3447 1849 Deus

1851 1879 1922 1934 ab
1936 1878 2058 1948 ipso
2077 1882 2370 1950 rogaverit:
2387 1882 2567 1950 Quare
2584 1900 2707 1940 cum
2721 1886 2774 1939 in
2789 1886 2988 1943 mundo
3005 1885 3341 1950 versabaris,
3357 1899 3448 1938 vo-

1851 1970 2046 2026 cavisti
2074 1981 2127 2025 te
2149 1971 2348 2027 Filium
2366 1974 2461 2029 Dei
2482 1975 2506 2029 ’ἰ
2528 1977 2608 2031 Ad
2625 1991 2745 2046 quae
2760 1975 2953 2032 Iesus:
2980 1975 3026 2033 0
3045 1976 3309 2043 Joannes,
3334 1990 3446 2032 non

1854 2076 1954 2132 ego
1976 2063 2071 2120 sed
2120 2073 2175 2119 tu
2207 2065 2311 2121 hoc
2338 2066 2546 2132 dixisti,
2574 2082 2667 2123 me
2698 2067 2959 2123 nimirum
3009 2081 3131 2124 esse
3182 2066 3357 2123 Deum
3388 2076 3448 2125 et

1852 2149 2047 2207 Filium
2073 2152 2188 2208 Dei.
2217 2152 2446 2223 Negavit
2460 2170 2593 2225 ergo
2614 2157 2801 2213 dicens
2820 2174 2840 2213 ‘:
2856 2159 2904 2213 ‘0
2914 2155 3059 2213 Deus
3075 2157 3257 2213 omnia
3274 2158 3446 2224 nosti.

1847 2252 1903 2299 et
1935 2245 2141 2313 optime
2170 2246 2267 2301 tibi
2295 2259 2635 2318 compertum
2663 2259 2749 2303 est
2779 2265 2867 2304 me
2900 2264 3099 2305 nomen
3127 2248 3305 2307 Deiet
3341 2265 3450 2305 uo-

1851 2349 1975 2389 men
2008 2333 2135 2389 Filii
2169 2336 2244 2390 tui
2274 2353 2555 2407 nunquam
2583 2339 2716 2395 mihi
2737 2340 2995 2397 tribuisse
3023 2350 3080 2397 et
3122 2357 3443 2411 usurpasse.

147 2422 241 2477 τὸν
290 2423 535 2497 Χριστὸν
584 2424 845 2481 κοινωνὸν
866 2468 881 2491 ,
941 2424 1235 2496 μέλλουσιν
1288 2422 1626 2489 κολάζεσθαι

1962 2440 1983 2478 [ι
2025 2425 2227 2495 quippe
2256 2440 2449 2483 servus
2486 2440 2631 2497 tuus,
2658 2443 2761 2485 nec
2789 2430 2915 2486 talis
2947 2445 3032 2486 me
3059 2446 3300 2500 unquam
3357 2432 3444 2486 in-

146 2516 249 2587 τήν
283 2517 516 2586 γέενναν
542 2518 636 2572 τοῦ
668 2519 867 2591 πυρός.
904 2519 1051 2573 Διότι
1079 2520 1109 2572 6
1140 2518 1282 2584 Θεὸς
1325 2517 1583 2573 κοινωνὸν
1624 2524 1628 2547 ί

1962 2518 2013 2570 sit
2034 2516 2213 2573 fastus
2255 2528 2311 2575 et
2332 2522 2587 2591 superbia
2622 2531 2680 2577 ut
2710 2521 2807 2577 tali
2836 2524 2995 2578 titulo
3040 2522 3316 2581 neminari
3355 2538 3444 2580 me

144 2605 337 2679 ὅμοιον
362 2610 464 2662 οὐκ
490 2609 627 2681 ἔχει.
659 2608 846 2665 Ταῦτα
869 2610 965 2664 τοῦ
998 2610 1268 2682 Μωάμεδ.

1961 2608 2194 2679 ignarer.
2242 2610 2353 2667 Nec
2385 2612 2476 2668 hic
2520 2613 2647 2669 ﬁnis
2714 2613 3044 2681 fabularum,
3093 2616 3246 2673 addit
3295 2627 3443 2687 quo-

152 2701 295 2758 Deus
318 2701 468 2757 illum
502 2703 555 2757 in
578 2704 747 2760 ctelos
773 2705 1017 2761 evexerit
1037 2707 1181 2777 quod
1210 2705 1515 2760 vehementi
1546 2718 1732 2759 amore
1771 2702 1921 2758 illum
1950 2691 2392 2775 prosequeretur.
2433 2708 2499 2764 Et
2537 2708 2681 2779 quod
2723 2725 2849 2766 cum
2882 2708 3207 2767 ChriStusin
3246 2711 3447 2767 ccelum

151 2795 490 2851 ascendisset
519 2796 586 2851 de
616 2795 705 2851 illo
731 2796 960 2865 quaestio
985 2805 1130 2850 mota
1159 2794 1344 2861 fuerit,
1370 2795 1515 2865 quod
1562 2793 1820 2850 nimirum
1860 2792 2117 2849 Christus
2138 2809 2247 2850 non
2298 2796 2372 2851 sit
2395 2795 2567 2853 Filius
2586 2798 2678 2854 Dei
2729 2798 3013 2868 dicendus,
3052 2799 3147 2855 sed
3172 2801 3422 2871 apostolu

150 2899 208 2944 et
228 2890 516 2961 propheta,
543 2889 686 2945 sicut
716 2888 857 2946 Deus
889 2888 1044 2953 dicit,
1067 2888 1212 2959 quod
1275 2900 1381 2942 non
1447 2885 1700 2942 admittit
1733 2886 1966 2949 socium,
2030 2885 2345 2957 quicunque
2397 2902 2527 2943 vero
2558 2887 2836 2944 Christum
2886 2888 2980 2943 Dei
3032 2891 3241 2947 socium
3302 2908 3431 2950 asse

151 2995 275 3037 rere
305 2997 415 3038 non
460 2989 738 3047 verentur,
769 2981 827 3035 in
878 2981 1127 3052 gehenna
1157 2980 1299 3050 ignis
1345 2986 1555 3034 aeterno
1617 2976 1887 3048 supplicio
1953 2977 2065 3033 sint
2124 2976 2416 3036 amciendi.
2462 2978 2607 3037 Deus
2648 2982 2852 3052 quippe
2884 2999 2991 3039 non
3028 2985 3193 3041 habet
3216 2985 3433 3041 socium

152 3091 255 3135 nec
280 3091 490 3149 parem.
519 3076 643 3132 Haec
671 3075 860 3132 omnia
882 3075 1227 3131 Muhammed
1258 3075 1327 3130 de
1351 3073 1593 3131 Christo.

225 3173 394 3242 Λέγει
419 3172 551 3245 περὶ
578 3171 681 3243 τῆς
717 3170 977 3235 πλάσεως
1018 3168 1116 3224 τοῦ
1163 3170 1359 3243 Ἀδὰμ,
1394 3170 1454 3226 ἑν
1478 3163 1513 3244 ᾖ
1540 3184 1707 3241 φησιν

1963 3168 2138 3225 .sserit
2167 3180 2300 3225 vero
2328 3169 2478 3226 circa
2525 3172 2866 3229 creationem
2922 3172 3117 3231 Adami
3139 3172 3247 3230 alia
3319 3189 3445 3232 cum

152 3265 238 3320 ὅτι
270 3263 522 3337 ἐπλάσθη
548 3266 578 3319 6
620 3262 909 3336 ἄνθρωπος
952 3263 1063 3318 ἀπὸ
1096 3260 1356 3334 χώματος
1405 3262 1504 3317 καὶ
1543 3260 1748 3331 σταγό-

157 3375 280 3425 νος,
322 3358 422 3412 καὶ
467 3356 693 3427 ήδελον,
736 3356 833 3411 καὶ
866 3356 1229 3427 μασήματος,
1258 3356 1357 3410 καλ⁸
1384 3356 1467 3409 ὅτι
1508 3354 1603 3409 τοῦ
1648 3354 1748 3409 ἀν-

157 3449 379 3522 θρώπου
428 3448 805 3513 πλασθέντος,
844 3448 897 3502 οί
946 3446 1049 3519 μὲν
1080 3447 1232 3502 ἄλλοι
1276 3448 1483 3511 πάντες
1523 3444 1749 3515 ἄγγελοι

152 3541 458 3615 προστάξει
516 3540 656 3595 Θεοῦ
714 3539 1143 3612 προσεκύνησαν
1183 3538 1376 3595 αὐτοῦ.
1416 3537 1598 3602 Μόνος
1625 3536 1686 3590 δὲ
1719 3536 1749 3591 6

114 3616 121 3625 ’
155 3636 359 3709 Βελίαρ
402 3636 507 3690 οὐκ
552 3634 785 3707 ἐπείσθη
826 3634 1211 3705 προσκυνῆσαι
1257 3632 1350 3686 τὸν
1405 3630 1613 3701 ’Δδὰμ,
1655 3628 1751 3684 καὶ

154 3730 243 3787 διὰ
279 3729 448 3785 τοῦτο
492 3729 809 3783 πέπτωκεν.
860 3725 1028 3795 Λέγει
1076 3725 1210 3797 περὶ⁵
1264 3721 1405 3777 Θεοῦ
1433 3725 1517 3778 ὅτι
1561 3722 1748 3788 αὐτὸς,

157 3822 285 3887 Θεὸς
318 3821 421 3889 ὢν,
471 3820 622 3875 ἐστὶν
652 3819 940 3890 ὁποιήσας
980 3817 1053 3872 τὰ
1099 3816 1316 3882 πάντα,
1363 3812 1488 3870 οὔτε
1530 3815 1751 3884 ἐγένετο

157 3914 342 3985 ὅμοιος
367 3913 536 3969 αὑτοῦ
564 3929 684 3975 τις,
714 3910 830 3964 ἀλλ’
857 3904 940 3974 εἷς
964 3908 1104 3973 Θεὸς
1125 3909 1433 3980 ὁλόσφυρος
1472 3906 1574 3961 οὐκ
1597 3906 1751 3972 ἐγέν-

158 4021 346 4076 νησεν,
376 4002 492 4058 οὔτ’
530 4001 821 4074 ἐγεννήθη,
853 3999 972 4054 ἀλλ’
1010 3993 1093 4063 εἷς
1127 4000 1279 4052 ἐστιν
1311 3996 1470 4063 Θεὸς,
1502 3996 1603 4051 καὶ
1640 3997 1751 4059 πᾶς

158 4099 189 4152 6
227 4097 471 4173 μερίζων
516 4094 715 4159 αὐτὸν,
764 4094 800 4165 ἢ
842 4094 1033 4165 ὅμοιον
1082 4090 1279 4158 ποιῶν,
1320 4090 1599 4160 σωτηρίας
1648 4090 1751 4142 οὐκ

161 4191 341 4257 ἐστιν,
379 4191 497 4246 ἀλλ’
530 4189 811 4263 ἀφόρητον
831 4228 847 4255 ,
879 4186 976 4242 καὶ
1008 4184 1230 4240 αἰώνιον
1272 4183 1515 4240 κόλασιν.
1546 4181 1751 4237 Τοιαῦ-

161 4302 251 4340 ται
294 4284 393 4340 τοῦ
441 4282 688 4355 Μωαμὶδ
734 4281 793 4337 αἱ
841 4279 1195 4352 νομοθεσίαι,
1244 4277 1425 4333 ταῦτα
1458 4274 1748 4347 νενομοθέ-

160 4392 329 4448 τηκεν
355 4376 438 4449 τῷ
486 4374 604 4448 λαῷ
665 4374 913 4447 Ἰσμαήλ.
948 4374 1054 4427 Τὸν
1098 4372 1209 4443 γὰρ
1246 4370 1414 4425 τόπον
1442 4368 1535 4422 τὸν
1568 4369 1629 4422 ὲν
1671 4366 1752 4438 τῷ

160 4467 377 4540 Βάκχε,
424 4469 552 4541 ήτοι
598 4468 759 4538 Μῆκε
778 4507 794 4533 ,
846 4466 881 4535 ἢ
941 4465 1173 4535 Μάκεχ,
1232 4458 1384 4517 οἷκον
1437 4461 1750 4532 προσευχῆς

1850 3262 2122 3333 prioribus
2160 3262 2496 3321 absurditate
2570 3266 2981 3324 contendentia.
3050 3266 3194 3323 Dicit
3246 3268 3447 3338 quippe

1849 3355 2086 3426 primum
2109 3355 2384 3411 hominem
2424 3356 2627 3413 factum
2682 3373 2751 3415 ex
2802 3368 2971 3427 terra,
3008 3360 3175 3427 stilia,
3202 3359 3342 3426 luto,
3377 3370 3437 3417 et

1850 3447 2087 3516 quadam
2117 3448 2349 3503 materia
2376 3447 2633 3505 dentibus
2662 3459 2724 3505 et
2745 3464 2846 3507 ore
2892 3452 3155 3506 contrita.
3183 3451 3445 3507 Formato

1851 3548 2059 3606 autem,
2083 3537 2282 3610 inquit,
2316 3540 2492 3610 primo
2524 3540 2766 3606 homine,
2798 3543 2985 3598 statim
3038 3557 3232 3601 omnes
3275 3545 3445 3600 advo-

1848 3630 2389 3703 laruntaugeli,qui
2459 3632 2684 3701 iubente
2729 3634 2840 3690 Deo
2892 3635 3171 3692 hominem
3235 3636 3446 3693 saluta-

1851 3734 1982 3781 runt
2003 3736 2060 3781 et
2092 3730 2412 3783 adorarunt.
2439 3727 2601 3785 Solus
2642 3742 2771 3784 vero
2807 3728 2991 3785 Beliar
3019 3745 3143 3785 cum
3171 3729 3447 3787 Adamum

1851 3817 2082 3875 adorare
2111 3820 2405 3887 recusavit,
2442 3818 2626 3891 lapsus
2651 3828 2735 3876 est
2753 3830 2810 3876 et
2827 3821 2896 3877 ad
2914 3820 3145 3877 Tartara
3171 3822 3447 3879 detrusus.

1852 3910 1932 3968 De
1959 3911 2071 3969 Deo
2093 3928 2225 3970 vero
2254 3915 2451 3969 asserit
2476 3915 2621 3985 quod
2644 3913 2788 3971 Deus
2808 3915 2960 3971 solus
2979 3916 3168 3971 omnia
3185 3916 3446 3972 condide-

1854 4002 1946 4067 rit,
1977 4020 2077 4058 nec
2102 4020 2287 4073 parem
2333 4004 2652 4075 sociumque
2709 4007 2985 4071 admittat,
3011 4015 3068 4061 et
3129 4009 3296 4077 quod,
3320 4022 3448 4063 cum

1853 4096 1927 4150 sit
1961 4105 2105 4150 totus
2128 4096 2182 4149 in
2214 4097 2401 4150 orbem
2434 4098 2589 4167 quasi
2623 4097 2819 4152 malleo
2847 4099 3063 4164 ductus,
3092 4112 3193 4153 nec
3219 4108 3448 4169 generet

1856 4200 1956 4241 nec
2010 4197 2323 4258 generetur.
2384 4186 2540 4242 illum
2599 4204 2721 4244 esse
2775 4189 2935 4259 plane
2978 4188 3224 4254 unicum,
3261 4200 3316 4245 et
3350 4204 3448 4246 eos

1854 4278 1947 4348 qui
1971 4278 2121 4333 illum
2143 4278 2414 4345 dividunt,
2432 4289 2489 4335 et
2515 4280 2722 4336 socium
2750 4281 2823 4335 illi
2843 4278 3099 4351 jungunt,
3126 4281 3319 4338 salutis
3337 4297 3446 4338 non

1855 4369 2068 4425 futuros
2101 4370 2414 4442 participes,
2433 4371 2530 4427 sed
2552 4383 2881 4427 aeternarum
2934 4387 3220 4443 poenarum
3279 4374 3446 4429 mise-

1858 4461 2057 4518 randas
2082 4462 2354 4518 victimas.
2377 4463 2468 4519 Hae
2495 4472 2622 4518 sunt
2653 4465 2912 4520 doctrinae
2942 4474 2997 4519 et
3024 4464 3169 4535 leges
3194 4464 3446 4519 Muham-

164 4561 453 4634 διωρίσατο
495 4557 661 4623 εἶναι,
722 4561 820 4614 καὶ
873 4559 975 4622 τὰς
1023 4556 1238 4614 ἑαυτῶν
1277 4555 1538 4627 λατρείας
1570 4556 1646 4609 ὲκι

1964 4553 2065 4608 lis:
2085 4554 2212 4609 talia
2227 4554 2414 4610 docuit
2429 4564 2478 4609 et
2496 4556 2730 4611 sancivit
2746 4560 2887 4628 apud
2903 4556 3222 4612 lsmaelitas.
3241 4556 3446 4613 Locum

167 4657 486 4726 προσάγειν.
550 4654 677 4708 Ὀτι
720 4653 818 4708 καὶ
869 4651 1022 4715 λίθος
1070 4650 1150 4722 τῷ
1202 4648 1435 4721 τοιούτῳ
1473 4649 1628 4720 τόπῳ
1681 4642 1775 4720 ἦν“

166 4740 527 4814 ἀνακείμενος
556 4742 614 4795 ὲν
636 4740 717 4812 τῷ
749 4741 900 4813 μέσῳ
922 4739 1296 4813 παμμεγέθης
1317 4778 1334 4805 ,
1364 4738 1441 4804 ὡς
1469 4738 1755 4793 ὲπάνωθεν

168 4833 334 4888 αὑτοῦ
383 4834 480 4889 τοῦ
542 4834 695 4888 λίθου
746 4834 967 4901 λέγεται
1041 4836 1108 4904 τῇ
1154 4833 1330 4904 Ἀγὰρ
1399 4832 1674 4903 ὁμιλήσας
1722 4832 1752 4885 6

181 4924 467 4999 Ἀϐραὰμ.
506 4926 541 4998 ἢ
594 4926 670 4991 ὡς
711 4926 862 4997 αὐτῷ
935 4925 1036 4998 τήν
1083 4924 1334 4995 κάμηλον
1396 4924 1753 4996 προσδήσας,

171 5015 258 5070 ὅτε
301 5019 393 5073 τὸν
445 5019 636 5073 Ἰσαὰκ
673 5016 902 5089 ἔμελλεν
951 5016 1123 5071 θύειν.
1161 5015 1511 5086 Προσέταξεν
1561 5016 1621 5070 δὲ
1655 5016 1758 5079 τὰς

172 5105 334 5178 εὐχὰς
377 5108 502 5172 τοὺς
546 5108 981 5180 συνερχομένους
1029 5110 1213 5162 ἐκεῖσε
1260 5108 1437 5173 οὕτως
1477 5108 1755 5165 ἐπιπλεῖν.

173 5195 282 5267 Τήν
319 5199 416 5270 μὲν
451 5200 582 5270 μίαν
602 5198 788 5252 αὐτῶν
820 5202 979 5272 χεῖρα
1006 5199 1143 5272 πρὸς
1169 5200 1263 5253 τὸν
1287 5200 1437 5255 λίθον
1465 5202 1755 5269 ἐκτείνειν,

172 5292 317 5362 τῇδὲ
345 5295 509 5365 ἑτέρᾳ.
538 5293 601 5346 τὸ
636 5288 732 5358 οὖς
772 5294 1026 5365 κατέχειν
1057 5296 1119 5349 τὸ
1157 5294 1323 5362 ῐδιον,
1362 5295 1458 5349 καὶ
1484 5295 1627 5349 οὕτω
1658 5313 1758 5350 κυ-

172 5380 445 5453 κλοτερῶς
500 5384 729 5447 ἑαυτοὺς
786 5383 1151 5455 περιφέρειν,
1223 5384 1330 5448 ἕως
1389 5384 1455 5438 ἂν
1517 5384 1761 5440 πέσωσιν

179 5478 717 5541 σκοτοδινιάσαντες,
775 5480 871 5531 καὶ
903 5478 1003 5549 τὴν
1050 5480 1318 5552 περιοχὴν
1375 5480 1544 5534 αὐτοῦ
1579 5482 1763 5534 πᾶσαν

181 5564 497 5641 ἐπιτηρεῖν,
544 5573 639 5627 καὶ
669 5570 852 5635 λίθους
890 5572 1034 5626 ἐπτά
1065 5546 1214 5627 κατὰ
1260 5573 1370 5627 τῶν
1414 5574 1764 5646 Χριστιανῶν

180 5657 545 5732 ὲπιῤῥίπτειν.
579 5665 698 5719 Ἵνα
729 5666 787 5719 δὲ
819 5665 895 5738 μή
933 5667 1000 5719 τὰ
1043 5667 1265 5738 ῥήματα
1299 5671 1398 5739 τῆς
1435 5670 1565 5740 παρ’
1594 5668 1763 5722 αὑτοῦ

1856 4646 2056 4701 etenim
2092 4646 2234 4717 apud
2265 4646 2405 4715 illos,
2441 4650 2661 4705 nomine
2691 4649 2921 4706 Bacchae
2948 4650 3031 4706 vel
3066 4649 3326 4714 Macchaa,
3363 4649 3448 4704 vel

1858 4738 2120 4796 Mcchech
2142 4742 2406 4797 orationis
2425 4744 2595 4799 aedem
2622 4746 2858 4800 futuram
2892 4752 3204 4816 perpetuam
3230 4746 3451 4801 decreto

1860 4830 2270 4903 determinavit,
2302 4845 2356 4889 et
2387 4851 2604 4891 omnem
2635 4837 2839 4893 cultum
2868 4855 3024 4892 suum
3060 4837 3187 4891 illuc
3212 4837 3449 4907 dirigcte

1862 4938 1918 4984 et
1941 4938 2283 4984 convertere.
2314 4929 2452 4996 Quia
2496 4930 2756 4986 nimirum
2788 4932 2967 4987 medio
2993 4932 3046 4986 in
3073 4932 3312 4987 istoloco
3343 4948 3447 4987 ex-

1866 5029 1973 5075 stat
2000 5020 2137 5091 lapis
2158 5023 2427 5077 maximus
2459 5038 2625 5094 super
2651 5038 2811 5092 quem
2852 5021 2996 5078 fama
3022 5024 3190 5078 refert
3217 5024 3452 5095 Agarem

1866 5127 1987 5165 cum
2001 5113 2312 5169 Ahrahamo
2330 5130 2444 5169 rem
2466 5116 2740 5181 habuisse,
2766 5115 2848 5168 vel
2864 5116 3034 5185 ipsum
3052 5115 3424 5171 Abrahamum
3437 5157 3454 5179 .

1867 5205 1941 5260 illi
1972 5205 2242 5262 camelum
2278 5206 2529 5277 alligasse
2560 5220 2683 5263 cum
2711 5207 2879 5262 lilium
2904 5224 3061 5263 suum
3088 5208 3334 5263 lsaacum
3363 5223 3457 5262 cs-

1863 5308 1947 5353 set
1976 5299 2375 5355 immolaturus.
2401 5296 2581 5354 Voluit
2606 5314 2750 5363 ,vero
2792 5315 2982 5355 omnes
3011 5300 3138 5354 illuc
3173 5298 3457 5356 conﬂuen-

1869 5401 1949 5446 tes
1993 5398 2048 5445 ct
2116 5393 2506 5448 contendentes
2552 5392 2620 5447 ad
2678 5392 2955 5448 orationes
3010 5392 3323 5458 habendas,
3354 5393 3460 5449 hoc

1871 5483 1975 5537 ritu
2010 5482 2131 5540 illas
2160 5482 2408 5540 fundere.
2438 5482 2608 5540 Jussit
2648 5486 2825 5555 primo
2884 5500 3051 5540 unam
3086 5502 3345 5541 manuum
3390 5487 3461 5540 ad

1870 5573 2101 5644 lapidem
2139 5576 2300 5630 istum
2329 5578 2607 5646 porrigere
2654 5589 2711 5634 et
2758 5580 3076 5647 extendere,
3115 5579 3286 5634 altera
3328 5594 3459 5633 vero

1871 5685 2022 5725 suam
2047 5671 2321 5750 propriam
2354 5671 2658 5758 auric‘ulam
2716 5674 2991 5743 corripere
3019 5682 3073 5729 et
3095 5672 3457 5743 comprehcn-
