3978 6238
277 230 416 297 1455
1449 218 1887 283 BARTHOLOD

1999 221 2017 277 l
2052 218 2431 279 EDESSENI
3438 194 3574 264 1456

275 347 425 407 dare,
456 353 637 413 postea
682 342 735 397 in
779 341 966 397 orbem
1001 337 1213 409 seipsos
1271 336 1663 405 circumagere,
1699 334 1870 387 donec

1997 329 2289 401 ιρισθείσης
2342 326 2658 399 προσευχῆς
2719 322 3126 381 ἐπιτελεῖσθαι,
3191 320 3267 384 ὡς
3313 319 3572 391 εἴρηται,

277 438 548 508 vertigine
601 446 659 491 et
721 437 878 506 quasi
936 432 1184 489 caecitate
1232 427 1498 496 percussi,
1556 426 1611 480 in
1661 435 1864 480 terram

1997 422 2113 475 ὺσὶν
2142 422 2484 491 ἀνήκουστα,
2522 420 2755 473 κάκεῖνα
2787 420 2976 487 γραφῇ
3020 413 3398 487 παραδοτέον,
3435 410 3576 482 πρὸς

278 506 445 584 ruant
466 540 515 583 et
542 530 758 584 cadant.
784 527 1022 583 Jussitel
1047 538 1209 581 onme
1231 523 1282 577 id
1305 522 1447 593 quod
1481 520 1532 574 in
1559 520 1674 574 suis
1706 532 1865 572 man-

1997 514 2204 568 πλείονα
2235 512 2596 568 διδασκαλίαν
2631 511 2803 565 αὐτοῦ
2842 509 3165 580 Μαχούμετ,
3194 506 3292 561 καὶ
3329 520 3576 576 προσευο

281 623 421 676 datis
450 623 803 677 veloratione
853 635 949 674 sua
1019 616 1406 671 continebatur
1467 610 1748 667 observari
1812 616 1867 663 et

1997 608 2075 678 [ὴν
2105 606 2336 677 ἔχουσαν
2354 606 2549 668 οὔτως·
2600 604 2903 669 Ἀλὰ,Ἀλὰ
2950 598 3211 665 οῦακοῦϐ,
3278 597 3409 650 ’Δλὰ
3444 598 3579 649 κοῦ-

281 723 487 783 septem
532 713 737 784 lapides
756 724 945 768 contra
978 709 1326 766 Christianos
1348 706 1537 776 proiici
1572 715 1624 760 et
1645 703 1862 767 excuti;

1997 701 2102 772 ῑάρ.
2142 699 2330 754 Ταῦτα
2367 700 2618 767 λέγονται
2650 698 2997 760 πλειστάκις.

282 781 360 865 ne
378 821 506 861 vero
533 781 695 861 verba
718 806 1160 872 orationisquam
1184 802 1439 855 omnibus
1471 797 1855 853 addiscendam
1897 803 1953 849 et
2020 792 2465 850 deblaterandam
2531 792 2830 847 tradiderat
2892 802 2945 844 et
2994 791 3333 851 tit-creverat,
3363 800 3468 838 non
3500 781 3580 835 fat

284 899 386 955 cile
424 900 597 955 audiri
628 910 685 955 et
730 899 1007 955 memoriae
1036 895 1280 951 mandari
1314 903 1561 963 possent,
1594 893 1684 947 illa
1725 892 1839 959 ipsa
1880 888 2085 955 scripto
2114 887 2425 955 consignari
2496 887 2710 941 curavit
2778 883 3147 943 Muhamuieil,
3173 892 3227 934 et
3286 880 3354 933 ad
3398 877 3574 946 maju-

287 1010 402 1050 rem
436 993 879 1050 informationem
916 992 1223 1048 orationem
1248 989 1475 1046 tradidit
1510 1002 1633 1058 quae
1698 986 1779 1041 sic
1838 985 2024 1038 habet.
2058 982 2154 1037 Ala
2195 981 2293 1036 Ala
2316 978 2700 1052 {Ouakouban
2767 981 2865 1033 Ala
2923 978 3167 1032 Koubar.
3239 973 3365 1028 Haec
3408 973 3574 1024 verba

293 1088 571 1141 multoties
600 1087 964 1157 ingeminant.

372 1178 536 1233 Notat
563 1195 690 1234 vero
712 1179 807 1232 Ala
825 1190 880 1233 et
908 1177 1137 1253 ltoubar,
1172 1174 1339 1229 Deum
1372 1186 1649 1241 magnum.
1682 1185 1747 1222 va
1785 1184 1885 1221 an-

320 1286 406 1325 em
442 1280 597 1325 notat
627 1272 947 1324 maximum.
998 1268 1143 1323 inter
1171 1283 1235 1322 ea
1285 1279 1417 1321 vero
1449 1278 1569 1332 quae
1622 1260 1807 1315 docuit
1837 1268 1891 1313 et

297 1367 440 1420 istud
478 1366 907 1428 memorabatur,
938 1374 1081 1432 quod
1138 1361 1435 1430 aliquando
1502 1355 1749 1412 camelos
1810 1353 1891 1407 fe-

291 1460 438 1513 mina
459 1458 737 1515 exstiterit
766 1457 876 1513 Deo
908 1458 1101 1511 devota
1137 1465 1191 1510 et
1210 1468 1388 1516 sacra,
1415 1448 1807 1520 magnitudinis
1835 1455 1888 1500 et

292 1550 601 1606 latitudinis
632 1565 854 1619 prorsus
889 1548 1148 1619 ingentis,
1173 1561 1292 1613 qua:
1338 1556 1528 1613 preces
1560 1539 1625 1593 ad
1682 1538 1881 1593 ccelum

308 1643 587 1707 fundebat,
634 1643 750 1711 ipsa
814 1642 988 1710 spatio
1050 1638 1272 1695 circiter
1316 1636 1548 1690 duarum
1606 1633 1886 1709 liorarum,

288 1732 660 1789 cﬂlorescente
687 1733 805 1789 luce
832 1732 1124 1798 splendens
1145 1740 1199 1784 ct
1232 1742 1549 1784 coruscans.
1571 1725 1723 1779 Illam
1749 1738 1879 1777 vero

285 1826 519 1894 Agareni
571 1826 806 1895 primum
840 1824 978 1879 lacte
1012 1826 1159 1878 alere
1193 1823 1463 1883 solebant,
1504 1819 1599 1874 sed
1652 1816 1881 1885 contigit

287 1932 350 1973 ut
372 1936 401 1975 a
431 1918 755 1989 quibusdam
804 1919 914 1973 illic
950 1916 1420 1971 commorantibus
1447 1912 1875 1973 interﬁceretur,

289 2011 433 2065 unde
456 2026 484 2063 a
514 2010 623 2065 Deo
650 2011 840 2078 rejecti
866 2020 920 2064 et
962 2009 1234 2078 reprobati
1275 2008 1513 2061 fuerunt.
1548 2003 1696 2057 Illius
1750 2016 1881 2055 vero

289 2099 554 2168 parvulus
575 2099 817 2153 camelus
843 2100 1005 2154 boatu
1039 2108 1093 2152 et
1125 2098 1370 2152 clamore
1404 2096 1573 2151 caelos
1606 2095 1881 2148 lacessens

290 2205 447 2260 opem
480 2191 772 2259 phosphori
800 2190 1134 2259 imploravit,
1166 2206 1193 2242 a
1227 2204 1357 2258 quo,
1382 2188 1677 2251 utdicitur,
1702 2186 1756 2240 in
1775 2200 1884 2239 cm—

293 2280 406 2335 lum
465 2291 651 2348 raptus
705 2280 888 2335 fuerit.
945 2280 1080 2334 Nam
1136 2281 1340 2336 dietum
1388 2290 1473 2335 est
1532 2280 1653 2333 illos
1704 2278 1884 2332 colere

289 2372 661 2442 pbospliorum
690 2387 786 2427 seu
823 2382 1037 2427 astrqu
1086 2372 1407 2425 matutimnn
1464 2386 1559 2425 seu
1593 2369 1882 2425 Venerem.

293 2475 456 2530 quam
489 2462 672 2532 lingua
695 2463 929 2518 Arabica
960 2472 1157 2518 vocant
1181 2478 1280 2529 vae,
1322 2463 1375 2516 id
1404 2472 1487 2516 est
1511 2477 1727 2531 magna.
1764 2460 1881 2513 Mu-

292 2550 548 2609 hammed
582 2569 714 2609 vero
742 2553 1090 2610 Christianos
1122 2563 1477 2609 contemnens
1506 2562 1561 2607 et
1594 2553 1746 2607 ﬂocci
1794 2550 1878 2606 fa-

295 2646 471 2713 ciens,
503 2657 660 2702 vocat
689 2648 1048 2717 abnegatores
1072 2656 1128 2701 et
1158 2647 1613 2709 associatores,et
1644 2646 1695 2700 iu
1723 2647 1883 2700 istam

296 2740 602 2799 doctrinam
663 2750 720 2795 et
743 2742 884 2795 viam
910 2741 1168 2809 perduxit
1214 2740 1540 2801 Saracenos,
1573 2747 1628 2791 et
1674 2738 1889 2791 vocavit

296 2832 603 2885 doctrinam
640 2840 696 2886 et
722 2833 863 2885 viain
901 2832 1287 2895 Dei,lanienas
1336 2832 1801 2895 Christianorum,
1837 2838 1891 2883 et

296 2922 438 2976 bella
468 2923 663 2991 quibus
694 2922 1040 2979 Christianos
1071 2923 1247 2978 solent
1278 2932 1496 2977 vastare
1514 2932 1568 2974 et
1598 2922 1885 2974 lacessere.

284 1250 307 1294 ι

2058 1165 2327 1237 Σημαίνει
2367 1165 2425 1219 δὲ
2453 1164 2514 1218 τὺ
2552 1163 2654 1233 μὲν
2696 1161 2852 1229 Ἀλὰ,
2894 1161 2989 1215 καὶ
3025 1160 3088 1212 τὸ
3122 1154 3333 1227 κουϐὰρ
3369 1152 3585 1225 μειζον-

1987 1258 2085 1311 δεᾶ
2111 1300 2125 1323 ,
2174 1256 2236 1311 τὸ
2267 1258 2325 1311 δὲ
2357 1256 2458 1310 οὒὰ
2512 1256 2798 1327 μέγιστον.
2864 1252 3107 1319 ἐδίδαξεν
3147 1250 3205 1303 δὲ
3241 1248 3443 1310 αὐτὸς.
3499 1248 3584 1299 ὅτι

1991 1352 2242 1422 κάμηλον
2289 1349 2514 1421 θήλειαν
2561 1348 2657 1402 τοῦ
2703 1344 2842 1401 Θεοῦ
2898 1345 3053 1417 ἱερὰν
3114 1342 3280 1396 οὖσαν
3328 1339 3587 1409 γενέσθαι

1993 1444 2215 1515 μεγάλῳ
2260 1445 2428 1514 μήκει
2479 1459 2561 1504 τε,
2616 1442 2712 1495 καὶ
2744 1441 2976 1494 πλάτει·
3026 1438 3151 1507 ἥτις
3178 1452 3235 1488 τε
3272 1432 3368 1487 καὶ
3416 1431 3588 1501 εὐχὰς

1995 1538 2132 1608 πρὸς
2187 1536 2417 1607 οὐρανὸν
2462 1534 2713 1589 ἐπετέλει
2762 1528 3221 1599 ὲπιαυγαζομένη
3281 1525 3446 1597 μέσον
3489 1523 3589 1576 δύο

1926 1682 1968 1736 Β
1996 1630 2154 1701 ὡρῶν
2185 1630 2332 1701 ἑξῆς.
2378 1630 2487 1683 Καὶ
2514 1630 2562 1681 οί
2598 1628 2792 1699 πρώην
2832 1622 3131 1696 ’Λγαρηνοὶ
3165 1617 3585 1690 ὲγαλουχοῦντο.

1995 1724 2250 1795 Ταύτην,
2313 1724 2389 1787 ὡς
2454 1723 2709 1792 ἐλέγετο,
2785 1718 3118 1791 φονευθῆναι
3186 1715 3373 1779 κακῶς
3434 1712 3590 1782 παρὰ

1987 1818 2100 1871 τῶν
2135 1817 2441 1887 τηνικαῦτα
2484 1814 2830 1887 ἀνθρώπων,
2887 1812 2984 1866 καὶ
3016 1812 3104 1864 διὰ
3149 1809 3313 1863 τοῦτο
3365 1806 3589 1879 ἀμύνα-

1990 1910 2115 1963 σθαι
2146 1909 2346 1973 αὐτοὺς
2391 1912 2419 1962 6
2466 1908 2632 1971 Θεός·
2669 1907 2731 1959 τὸ
2780 1903 3116 1976 καμηλόνιον
3142 1901 3319 1970 αὐτῆς
3351 1899 3579 1970 βοάζον,

1990 2003 2193 2057 καὶτὸν
2212 2002 2492 2071 ἑωσφόρον
2514 1999 2839 2053 ἐπεκαλεῖτο
2866 2000 2947 2060 είς
2972 1996 3249 2068 βοήθειαν,
3277 1996 3307 2046 6
3328 1993 3384 2046 δὲ
3415 2007 3591 2063 προσ-

1991 2090 2218 2144 ελάϐετο
2272 2091 2431 2143 τοῦτο
2471 2091 2553 2153 είς
2600 2089 2694 2142 τὸν
2732 2088 3002 2159 οὐρανὸν,
3039 2086 3116 2149 ὡς
3155 2084 3405 2156 εἴρηται,
3448 2079 3592 2152 παρ’

1992 2183 2175 2254 αὐτῷ,
2209 2183 2286 2247 ὥς
2341 2200 2507 2254 φησι,
2554 2183 2624 2237 τὰ
2666 2182 2911 2237 ἔκπαλαι
2956 2180 3036 2251 τῷ
3082 2178 3306 2251 πρωῖνῷ
3357 2179 3585 2247 ἄστρῳ,

1992 2277 2164 2345 ἤγουν
2218 2275 2295 2344 τῷ
2341 2275 2647 2346 ἑωσιρόρῳ,
2705 2276 2800 2328 καὶ
2834 2276 2900 2345 τῇ
2954 2274 3287 2343 ’Λφροδίτῃ,
3345 2273 3411 2342 ἦν
3443 2271 3593 2324 κατὰ

1990 2368 2099 2421 τῶν
2166 2368 2453 2441 Ἀρῤάϐων
2506 2368 2761 2436 γλῶσσαν
2814 2367 3177 2437 ὀνομάζουσι,
3228 2364 3374 2417 τοῦτ’
3429 2362 3588 2416 ἔστιν

1994 2461 2228 2531 μεγάλη.
2288 2461 2596 2524 Ὀνειδίζων
2637 2460 2765 2524 τοὺς
2797 2458 3164 2530 Χριστιανοὺς
3196 2455 3438 2527 ἀρνητὰς
3466 2456 3590 2507 ὀνο-

1997 2552 2189 2625 μάζει,
2247 2554 2342 2607 καὶ
2397 2554 2721 2624 ὲτεριστὰς,
2768 2555 2864 2606 καὶ
2905 2552 3165 2621 διεγείρει
3219 2551 3348 2614 τοὺς
3398 2550 3590 2620 Σαρα-

1993 2648 2195 2717 κηνοὺς
2242 2649 2321 2710 εἰς
2360 2646 2460 2717 τὴν
2507 2646 2627 2699 ὁδὸν
2674 2645 2914 2716 ταύτην,
2961 2647 3056 2698 καὶ
3080 2644 3180 2713 τὴν
3216 2642 3432 2713 σφαγὴν
3464 2643 3590 2696 ὁδὸν

1992 2736 2132 2791 Θεοῦ
2178 2736 2457 2807 ὀνομάζει,
2489 2736 2581 2789 τὸν
2619 2737 2761 2789 κατὰ
2793 2736 2901 2790 τῶν
2932 2736 3280 2806 Χριστιανῶν
3312 2735 3585 2805 πόλεμον,

1993 2831 2091 2884 καὶ
2149 2831 2277 2893 τοὺς
2320 2832 2378 2882 ὲν
2439 2828 2518 2899 τῷ
2575 2829 2806 2900 τοιούτῳ
2863 2828 3089 2898 πολέμῳ
3138 2826 3593 2898 ἀποθνήσκοντας

2011 2926 2352 2994 Ἀγαρηνοῦς
2409 2925 2560 2986 υἱοὺς
2610 2924 2786 2988 Θεοῦ,
2837 2923 2935 2976 καὶ
2998 2922 3184 2987 ἀξίους
3241 2918 3337 2974 τοῦ
3402 2936 3594 2989 παρα-

298 3014 617 3085 llagarenos
643 3030 770 3069 vero
798 3016 852 3070 in
885 3016 1003 3070 istis
1025 3015 1175 3069 bellis
1191 3013 1599 3074 accumbentes,
1620 3011 1759 3065 ﬁlios
1782 3010 1876 3064 Dei

1997 3017 2176 3070 δείσου
2244 3016 2461 3082 καλῶν,
2526 3016 2620 3070 καὶ
2678 3018 2907 3078 πιστοὺς
2980 3018 3039 3069 ὲν
3099 3014 3241 3085 Θεῷ.
3314 3012 3592 3077 Ἐδίδαξεν

300 3122 423 3161 esse
444 3106 702 3168 asseruit,
726 3118 778 3161 et
813 3106 1024 3172 ﬁdeles,
1056 3115 1111 3161 et
1132 3105 1327 3175 dignos
1354 3104 1447 3173 qui
1492 3104 1747 3157 omnibus
1792 3116 1890 3170 pa-

298 3196 464 3251 radisi
509 3196 879 3265 voluptatibus
946 3195 1314 3250 cumulentur.
1353 3194 1497 3247 Inter
1539 3192 1643 3245 alia
1687 3193 1789 3247 hoc
1836 3203 1889 3246 et

299 3294 483 3347 docuit
528 3292 896 3358 Multammed,
927 3292 1071 3363 quod
1097 3292 1141 3346 si
1166 3306 1273 3346 non
1321 3292 1394 3345 sit
1420 3289 1486 3344 ad
1516 3304 1737 3343 manum
1793 3303 1889 3357 pa-

300 3368 419 3439 rata
459 3400 623 3455 aqua,
662 3386 913 3456 usurpari
944 3385 1115 3455 possit
1147 3392 1317 3447 terra,
1369 3385 1462 3439 sed
1514 3392 1656 3435 terra
1712 3381 1892 3436 tenuis

299 3488 354 3532 et
382 3479 737 3533 subtilissima
774 3494 878 3549 qua
904 3477 1024 3532 loco
1079 3492 1234 3546 aquae
1260 3475 1426 3537 oculi,
1458 3474 1661 3537 vultus,
1696 3489 1892 3529 manus

303 3581 549 3627 terantur
574 3580 629 3623 et
669 3569 1027 3625 defricentur.
1062 3569 1176 3624 lloc
1214 3576 1269 3622 et
1289 3567 1497 3622 addidit
1535 3566 1890 3621 Multammed

300 3677 360 3717 se
401 3663 656 3716 nimirum
694 3676 815 3717 esse
837 3662 1071 3732 paradisi
1109 3662 1263 3729 quasi
1296 3661 1609 3726 ostiarium,
1648 3670 1705 3715 et
1741 3660 1887 3716 illius

301 3757 535 3810 clavium
567 3770 723 3809 usuin
756 3770 785 3807 a
816 3769 912 3808 suo
946 3754 1184 3822 pendere
1206 3754 1457 3807 arbitrio.

372 3846 521 3900 Talis
544 3861 694 3911 vero,
721 3846 1018 3899 secundum
1049 3846 1222 3909 illum,
1252 3858 1334 3899 est
1357 3845 1677 3914 paradisus:
1713 3843 1768 3898 in
1803 3844 1892 3899 illo

302 3949 432 3993 sunt
489 3946 723 4007 quatuor
787 3936 1010 3991 lluntina
1065 3952 1219 4005 aqua:
1281 3937 1697 4005 Iimpidissiinze,
1736 3938 1889 3991 Iactis

301 4028 625 4096 dulcissimi,
650 4029 759 4083 vini
794 4028 1125 4091 suavissimi,
1156 4039 1209 4082 et
1238 4028 1416 4081 mellis
1476 4026 1886 4083 defaecatissimi

302 4131 357 4175 et
382 4119 615 4176 mirabili
655 4119 921 4185 colatura,
947 4120 1015 4173 ab
1040 4120 1188 4174 omni
1220 4119 1446 4173 materia
1476 4120 1737 4173 crassiori
1764 4136 1891 4188 pur-

303 4212 592 4283 gatissimi.
635 4213 840 4267 Futura
868 4213 1101 4282 quadam
1156 4214 1243 4267 die
1302 4228 1463 4278 quam
1499 4211 1640 4267 Deus
1672 4214 1789 4266 ﬁxit
1837 4222 1891 4267 et

306 4305 710 4368 determinavit,
748 4304 817 4359 ad
852 4305 1245 4375 quinquaginta
1271 4320 1536 4357 annorum
1615 4306 1891 4374 myriadas

1993 3109 2194 3172 αὐτοὺς
2229 3111 2259 3162 6
2304 3110 2569 3179 Μωάμεδ,
2618 3111 2676 3163 ὲν
2706 3106 2788 3173 οἷς
2822 3110 2919 3163 καὶ
2959 3108 3157 3173 τοῦτο,
3190 3107 3285 3161 ἐὰν
3332 3107 3408 3178 μὴ
3433 3105 3594 3174 εὑρίο

1995 3218 2221 3256 σκουσιν
2266 3201 2325 3267 ἐξ
2374 3203 2595 3272 ἑτοίμου
2653 3201 2835 3275 ὕδωρ,
2876 3202 3240 3273 λαμϐάνωσιν
3290 3200 3424 3272 χοῦν
3466 3200 3594 3253 ἀντὶ

1994 3294 2170 3365 ὕδωρ,
2210 3294 2344 3365 χοῦν
2389 3295 2611 3351 λεπτόν.
2657 3298 2767 3350 Καὶ
2809 3296 2925 3367 μετ’
2969 3293 3137 3348 αὐτοῦ
3179 3294 3440 3365 τρίϐωσιν
3489 3293 3594 3355 τὰς

1991 3387 2164 3457 ὄψεις,
2192 3390 2288 3442 καὶ
2311 3389 2412 3452 τὰς
2440 3391 2634 3461 χεῖρας
2659 3391 2847 3453 αὐτοῖς
2871 3392 2993 3444 ἀντὶ
3015 3388 3183 3460 ὕδωρ.
3216 3385 3590 3459 Προστίθησιν

1993 3478 2109 3550 δὲή
2140 3479 2299 3534 τοῦτο
2328 3483 2356 3533 6
2385 3482 2709 3552 Μαχούμεδ,
2741 3482 2798 3545 ὃς
2832 3483 2994 3547 αὑτός
3035 3486 3188 3537 ἐστιν
3221 3484 3250 3535 6
3278 3479 3375 3534 τοῦ
3407 3498 3591 3550 παρα-

1991 3571 2171 3626 δείσου
2197 3573 2298 3636 τὰς
2324 3573 2472 3637 κλεῖς
2504 3575 2777 3644 κατέχων.

2063 3842 2317 3905 Τοιοῦτος
2350 3841 2441 3905 δὲ,
2475 3841 2663 3911 λέγει,
2706 3837 2774 3915 ἦν
2815 3845 2843 3897 6
2877 3843 3245 3913 παράδεισος,
3279 3844 3337 3894 ἒν
3365 3836 3410 3910 ᾧ
3435 3841 3588 3909 λέγει

1993 3934 2269 4005 τέσσαρας
2317 3929 2459 3987 εἶναι
2500 3936 2787 4005 ποταμοὺς
2827 3936 2886 4002 ἐξ
2926 3935 3122 3999 ὓδατος
3150 3934 3450 3997 ἀθολώτου,
3495 3935 3593 3987 καὶ

1992 4026 2268 4095 γάλακτος
2317 4027 2391 4098 μὴ
2443 4026 2815 4092 ἁλλάσσοντος
2870 4029 2963 4082 τὸν
3001 4028 3189 4081 νόστον
3241 4027 3440 4092 αὑτοῦ,
3494 4028 3593 4081 καὶ

1991 4119 2138 4173 οἴνου
2182 4119 2363 4191 ἡδέος,
2416 4122 2511 4173 καὶ
2571 4121 2791 4191 μέλιτος
2847 4122 3089 4178 ὁλιστοῦ.
3130 4123 3243 4177 Καὶ
3294 4122 3437 4176 κατὰ
3485 4124 3589 4192 τὴν

1996 4212 2300 4283 μέλλουσαν
2338 4212 2590 4285 ἡμέραν,
2627 4214 2695 4284 ἣν
2733 4216 2863 4286 περὶ⁹
2900 4217 2928 4268 6
2958 4214 3103 4277 Θεὸς
3129 4214 3304 4286 ὁρίζει
3338 4217 3417 4277 εἰς
3454 4231 3592 4266 πεν-

1992 4306 2232 4375 τήκοντα
2278 4305 2524 4376 χιλιάδας
2555 4306 2693 4358 ἑτῶν
2728 4306 2935 4374 διάγειν
2971 4306 3031 4359 ὲν
3064 4307 3216 4375 αὺτῴ
3244 4307 3370 4368 τοὺς
3407 4306 3589 4377 Σαρα-

305 4412 496 4451 oniues
526 4396 829 4452 Saracenos
856 4399 981 4452 illuc
1011 4413 1132 4453 esse
1204 4398 1676 4466 transnortandos,
1708 4409 1762 4452 et
1820 4399 1887 4452 ibi

1999 4399 2204 4467 κηνοῦς
2240 4404 2381 4468 μετά
2402 4398 2511 4451 τῶν
2544 4398 2693 4451 ἰδίων
2719 4399 2998 4465 γυναικῶν
3023 4399 3156 4461 ὅσας
3185 4394 3329 4468 εἶχεν
3356 4398 3591 4461 ἕκαστος

304 4490 471 4544 vitam
522 4490 951 4545 amoenissimam
1007 4499 1402 4551 transacturos,
1452 4506 1576 4544 cum
1659 4492 1892 4560 propriis

308 4583 573 4637 uxoribus
604 4582 795 4635 eodem
825 4598 1051 4635 numero
1076 4594 1210 4651 quot
1247 4584 1491 4637 viventes
1519 4583 1573 4636 in
1605 4585 1705 4638 liae
1746 4593 1887 4636 terra

306 4689 508 4727 uxores
537 4671 811 4727 aluerunt.
848 4670 919 4725 lbi
950 4674 1049 4726 Sub
1076 4674 1264 4725 umbra
1291 4685 1344 4725 et
1372 4674 1607 4741 tegmine
1634 4675 1889 4726 arborum

306 4769 665 4835 quarumdam
707 4777 827 4831 qua:
876 4762 1133 4816 dicuntur
1186 4764 1343 4819 Sidre
1397 4778 1449 4817 et
1513 4763 1734 4829 Talech,
1766 4779 1894 4817 sua-

306 4857 563 4917 vissimus
604 4857 811 4909 fructus
842 4866 1206 4922 comesturos,
1232 4859 1423 4911 avibus
1455 4868 1615 4911 cantu
1650 4874 1748 4911 suo
1766 4872 1892 4912 sua-

306 4947 532 5000 vissimo
566 4962 753 5000 eorum
784 4964 944 5001 aures
977 4948 1361 5004 mulcentibus.
1405 4949 1511 5005 Ora
1578 4951 1891 5019 proluturos

307 5040 434 5116 vino
461 5056 523 5093 ex
567 5038 714 5092 fonte
745 5040 1016 5107 Capliura,
1054 5053 1108 5094 et
1137 5058 1163 5093 a
1200 5042 1345 5095 fonte
1379 5041 1649 5097 Zonziber
1679 5047 1769 5112 qui
1803 5044 1890 5097 di-

303 5131 450 5184 citur
484 5129 771 5185 SaISabila.
807 5132 870 5183 Et
900 5134 1077 5184 vinum
1114 5134 1504 5201 propinaturos
1532 5148 1599 5185 cx
1624 5130 1777 5185 fonte
1796 5132 1888 5200 qui

304 5209 504 5276 dicitur
563 5222 845 5277 Tbesnini.
880 5222 1097 5278 Illorum
1150 5239 1277 5277 vero
1330 5234 1596 5278 staturam
1655 5224 1890 5279 futuram

249 5300 265 5315 ⁸
304 5314 687 5385 celsissimam,
724 5314 1089 5368 masculorum
1125 5314 1367 5384 quidem,
1408 5312 1736 5368 laminarum
1764 5332 1891 5370 vero

299 5409 660 5476 quadraginta
692 5408 1018 5461 cubitorum.
1040 5407 1339 5460 lnsatiabili
1372 5422 1498 5460 vero
1527 5408 1749 5460 libidine
1811 5410 1892 5462 iit-

302 5494 385 5552 ler
412 5515 469 5552 se
521 5501 781 5563 coituros,
816 5504 943 5568 quia
1007 5503 1233 5554 istorum
1292 5517 1682 5569 congressurum
1724 5502 1889 5554 Deum

302 5592 476 5657 ipsum
517 5610 619 5644 non
659 5594 821 5662 pudet
868 5610 967 5646 nec
995 5594 1067 5646 illi
1108 5605 1229 5646 sunt
1269 5594 1509 5646 fastidio.
1543 5592 1894 5648 Intrmlncen-

301 5689 399 5736 ωδ
436 5702 564 5738 Virro
600 5687 649 5737 in
680 5688 992 5754 paradisum
1041 5691 1237 5739 asserit
1276 5685 1621 5741 MilllJllllllCd
1677 5699 1893 5756 septua-

1998 4489 2077 4543 ἔτι
2106 4489 2250 4554 ζῶν,
2300 4490 2396 4543 καὶ
2445 4490 2551 4543 ὑπὸ
2604 4492 2764 4544 σκιάν
2792 4508 2956 4545 τινων
2992 4492 3231 4562 δένδρων
3274 4489 3369 4545 τοῦ
3400 4508 3591 4561 ⁴’παραε-

1995 4583 2197 4649 δείσου,
2228 4582 2263 4636 δι
2291 4582 2535 4636 καλεῖται
2570 4584 2734 4653 Σίδρη
2767 4585 2864 4638 καὶ
2898 4586 3098 4655 Τάλεχ,
3129 4584 3355 4654 ὀπώραν
3383 4584 3590 4639 ἐσθίον-

1995 4692 2117 4740 τες,
2156 4678 2248 4729 καὶ
2295 4677 2534 4747 ὀρνέων·
2577 4678 2825 4741 πίνοντες
2906 4679 3013 4732 ἀπὺ
3072 4682 3313 4749 Καφυρὰ
3365 4680 3586 4749 πηγῆςο

1996 4770 2092 4822 καὶ
2123 4769 2230 4821 ἀπὸ
2258 4769 2528 4839 Ζογγὶὅερ
2566 4774 2747 4840 πηγῆς
2772 4813 2787 4837 ,
2812 4771 3199 4843 ὀνομασμὲνης
3234 4772 3546 4825 Σαλσάϐιλα
3571 4788 3585 4800 ·

1996 4859 2090 4911 καὶ
2152 4856 2295 4911 οἶνον
2332 4861 2846 4929 προσφερομένους,
2879 4861 2937 4913 ὃν
2980 4861 3039 4913 τὸ
3072 4862 3326 4930 κέρασμα
3374 4863 3438 4913 ὲκ
3479 4877 3590 4929 πη·-

1995 4952 2097 5021 γῆς
2129 4950 2389 5022 Θεσνείμ.
2432 4946 2532 5004 Ὧν
2575 4954 2631 5005 αἱ
2662 4954 2868 5022 ἡλικίαι
2900 4954 3303 5023 οὐρανομήκεις
3343 4954 3591 5024 ἀρρένων

1994 5059 2053 5094 τε
2097 5044 2191 5095 καὶ
2236 5043 2467 5112 θηλειῶν
2496 5045 2911 5115 τεσσαράκοντα
2948 5046 3165 5115 πήχεις,
3203 5044 3590 5108 συνουσιαζόν-

1996 5151 2104 5187 των
2132 5134 2472 5203 ἁκορέστως,
2507 5137 2672 5207 φησιν
2698 5176 2712 5197 ,
2752 5138 2833 5189 ὅτι
2884 5138 2911 5189 ὁ
2950 5136 3083 5199 Θεὸς
3125 5136 3226 5188 οὐκ
3266 5136 3584 5205 αἰσχύνεται

1995 5226 2185 5279 τοῦτο·
2234 5227 2442 5293 εἰσάξει
2482 5228 2540 5280 δὲ
2602 5232 2660 5281 ἐν
2712 5229 2790 5299 τῷ
2839 5229 3155 5299 παραδείσῳ
3211 5228 3587 5297 ἑϐδομήκοντα

1996 5319 2243 5387 χιλιάδας
2269 5320 2497 5372 δικαίων
2520 5362 2534 5384 ,
2578 5322 2703 5384 τοὺς
2736 5322 2794 5374 δὲ
2825 5323 3189 5392 ἁμαρτωλοὺς
3223 5322 3590 5393 κριθήσεσθαι

1999 5414 2147 5483 παρὰ
2197 5412 2288 5464 τοῦ
2328 5414 2496 5475 Θεοῦ,
2533 5414 2629 5466 καὶ
2669 5417 2981 5468 πιττακίων
3020 5417 3098 5469 είς
3124 5417 3246 5475 τοὺς
3279 5414 3589 5484 τραχήλους

1998 5505 2181 5557 αὐτῶν
2213 5506 2661 5577 περιτιθεμένων,
2695 5508 2867 5569 οὕτως
2902 5508 3308 5560 εἰσελεύσεσθαι
3340 5507 3433 5559 καὶ
3460 5507 3587 5559 τού-

1995 5615 2119 5659 ττυς
2167 5600 2245 5660 εἰς
2294 5599 2385 5649 τὸν
2470 5601 2801 5668 παράδειιτόν
2882 5618 3080 5669 φησιν,
3144 5599 3583 5669 ὀνομαζομένους

2000 5690 2399 5761 άπε>.ευθέρςυς
2432 5690 2525 5743 τοῦ
2559 5693 2822 5764 bit-rapat}.
2871 5694 2977 5745 Καὶ
3008 5693 3095 5745 ἵνα
3136 5694 3210 5763 μὴ
3257 5694 3285 5745 6
3319 5692 3589 5763 παραδεξα-
