3978 6238
441 375 588 443 1457·

1570 341 2050 447 CONFUTATIO
2089 387 2636 448 MUHAMMEDIS.

3603 386 3740 452 1458

437 510 532 557 σος
569 491 823 564 ἔμπλεως
854 493 1022 566 φέρον
1049 511 1124 560 τι,
1164 493 1291 556 τοὺς
1327 493 1649 564 Σαμαριτας
1684 497 1884 567 ὲφιστᾷ
1910 495 2020 550 τού-

2142 496 2289 565 giuta
2335 498 2608 566 tuyriadas
2652 497 2950 568 justorum.
2991 497 3328 559 Peccatores
3382 518 3512 558 vero
3569 517 3738 572 quos-

434 603 545 639 των
565 627 578 650 ,
613 588 842 640 κάκεῖσε
873 587 1153 642 δουλεύειν
1182 587 1594 660 ἀκαταπαύστῳ
1618 587 1864 660 λατρεία.

2143 590 2265 645 dam
2301 606 2328 643 a
2356 593 2463 645 Deo
2481 592 2824 662 judicandos,
2863 593 2952 663 qui
2987 595 3230 662 pittaciis
3285 599 3609 667 quibusdam
3645 610 3728 650 :ex

435 678 577 732 collo
609 679 969 748 pendentibus
994 680 1103 733 sint
1125 679 1516 749 distinguendi,
1538 689 1591 735 et
1629 681 1679 732 in
1707 681 2017 749 paradisum
2057 681 2457 748 introduccndi,
2516 692 2570 737 et
2598 685 2777 738 liberti
2856 685 3259 743 Multammedis
3293 691 3637 747 nominandi.
3673 693 3740 748 Et

435 787 506 825 ne
550 770 836 840 paradisus
865 773 1119 827 sordibus
1173 773 1487 842 impleatur,
1559 771 1866 829 Samaritas
1938 776 2137 830 asserit
2211 774 2282 830 ibi
2327 776 2618 846 sistendos,
2692 781 2782 850 qui
2850 758 2958 836 illis
3012 784 3260 839 serviant
3284 792 3338 840 et
3395 781 3738 843 indesinenti

435 863 620 918 labore
679 863 974 933 purgandis
1003 865 1263 920 sordibus
1292 873 1662 935 occupentur.

503 980 615 1034 Καὶ
675 979 736 1032 ὲν
781 978 860 1050 τῷ
913 977 1099 1052 καιρῷ
1135 980 1235 1050 τῆς
1290 981 1534 1051 κρίσεως
1573 981 1602 1033 6
1643 980 1745 1052 μὲν
1778 980 2022 1050 Μωῦσῆς

435 1074 624 1145 μέλλει
676 1072 1008 1138 κολάζεσθαι
1056 1073 1133 1137 ὡς
1178 1074 1514 1146 παραϐάτης
1561 1073 1752 1144 νόμου.
1787 1075 1897 1126 Καὶ
1945 1075 2027 1136 εἰς

430 1165 545 1234 πῦρ
593 1163 926 1236 βληθήσεται
969 1165 1076 1226 πᾶς
1120 1165 1149 1216 6
1198 1164 1330 1228 λαὸς
1371 1163 1480 1218 τῶν
1538 1163 1894 1234 Ἰσραηλιτῶν
1951 1162 2028 1226 ὡς

430 1260 603 1314 πολλὰ
632 1259 862 1325 δοξάσας
892 1257 1092 1321 αὐτοὺς
1122 1259 1150 1310 6
1183 1260 1318 1322 Θεὸς
1339 1301 1354 1324 ,
1386 1261 1636 1314 κάκεῖνοι
1672 1257 1749 1328 μὴ
1775 1257 2031 1310 πεισθέν-

427 1370 553 1418 ⁴τες,
598 1353 954 1424 παραϐάντες
1006 1354 1098 1408 τὸν
1150 1353 1320 1422 νόμον
1383 1351 1640 1422 μέλλουσι
1693 1351 2030 1422 κολασθῆναι

429 1445 669 1509 αἱωνίως
693 1446 792 1502 καὶ
823 1447 905 1510 εις
930 1446 1041 1517 πῦρ
1075 1443 1419 1515 ἐμϐληθῆναι
1446 1445 1555 1507 πᾶς
1579 1446 1606 1497 6
1625 1443 1754 1508 λαὸς
1789 1442 2029 1514 Ἰσραήλ.

429 1541 494 1593 Oi
528 1539 584 1593 δὲ
619 1540 940 1611 Χριστιανοὶ
991 1539 1086 1594 καὶ
1131 1537 1289 1592 αὐτοὶ
1347 1536 1571 1590 κολάσει
1623 1535 2032 1607 παραδοθήσον-

426 1649 538 1697 ται,
573 1632 651 1697 ὼς
675 1632 1012 1696 καλέσαντες
1035 1631 1128 1685 τὸν
1153 1630 1394 1702 Χριστὸν
1415 1629 1550 1683 Θεὸν
1575 1627 2030 1700 σεσαρκωμένον,

428 1725 594 1778 αὐτὸν
643 1724 699 1777 δὲ
752 1724 1079 1795 ἀπεφήνατο
1128 1721 1408 1794 σωτηρίας
1459 1720 1781 1792 ἀξιωθῆναι,
1835 1719 1930 1773 καὶ
1981 1718 2031 1772 οἱ

437 1815 753 1888 ’Λγαρηνοι.
805 1791 1048 1871 Τοιαῦτα
1080 1814 1178 1869 τοῦ
1221 1791 1525 1885 Μαχούμετ
1568 1813 1639 1868 τὰ
1657 1791 2019 1884 διδάγματα,
2055 1791 2096 1848 Β

423 1909 654 1964 τοιαῦτα
710 1908 878 1963 αὑτοῦ
939 1909 1010 1962 τὰ
1071 1897 1409 1979 σοφίσματα.
1467 1905 1910 1976 Τελευτήσαντος
1961 1903 2020 1958 δὲ

425 1997 594 2054 αὐτοῦ
615 2040 631 2064 ,
677 2001 788 2063 πᾶς
821 2001 850 2053 ό
894 1999 1005 2052 τῶν
1051 1998 1374 2070 Ἀγαρηνῶν
1408 1997 1653 2070 συνήχθη
1690 1996 1860 2068 ἑσμὸς
1881 2037 1897 2062 ,
1928 1995 2023 2050 καὶ⁴

425 2094 764 2166 βαρϐαρικὸν
796 2094 995 2166 θρῆνον
1022 2093 1267 2157 ἅπαντες
1295 2094 1694 2164 πεποιήκεσαν,
1725 2090 1868 2145 οὕτω
1893 2090 2022 2144 τοῦ-

422 2204 514 2241 τον
559 2188 796 2258 λάρνακι
834 2188 1170 2259 μαρμαρίνῳ
1215 2187 1549 2258 ποιήσαντες
1599 2183 1904 2254 ἐπέθηκαν.
1964 2183 2023 2238 Ὀ

423 2273 518 2332 οὖν
547 2277 712 2348 νόμος
738 2276 851 2332 τῶν
886 2277 1251 2350 Ἰσμαηλιτῶν
1281 2279 1309 2331 ὁ
1335 2275 1747 2348 ὀνομαζόμενος
1770 2275 2020 2349 Κοῤῥὰν,

422 2373 452 2425 6
487 2371 584 2426 καὶ
646 2370 799 2442 παρὰ
835 2369 929 2424 τοῦ
971 2370 1275 2442 Μαχούμετ
1319 2370 1497 2434 δοθεὶς
1551 2372 1654 2425 οὐκ
1689 2369 1852 2440 ἐτέθη
1887 2370 2021 2442 παρ’

421 2462 590 2519 αὐτοῦ
621 2463 716 2517 καὶ
750 2463 939 2534 μόνου,
979 2463 1116 2516 ἀλλὰ
1148 2464 1246 2516 καὶ
1283 2462 1415 2533 παρ’
1444 2461 1653 2531 ἑτέρων
1685 2461 1849 2516 τινῶν
1869 2501 1884 2526 ,
1926 2460 2020 2515 τοῦ

423 2554 676 2627 γαμϐροῦ
709 2555 878 2609 αὑτοῦ
918 2555 1071 2623 ’Λλῆ,
1113 2555 1210 2608 xui.
1261 2553 1439 2608 ἄλλων
1480 2553 1659 2618 ἑπτὰ,
1702 2553 1799 2606 τοῦ
1828 2552 2020 2620 Ναφὲ,

434 2647 594 2713 Ἐὸν,
637 2647 836 2718 Ὀμὰρ,
888 2646 1183 2717 Ἐλρεσὰρ,
1243 2646 1436 2716 Ἀσὴρ,
1491 2642 1611 2698 υἱοῦ
1656 2643 1753 2698 τοῦ
1810 2643 2018 2716 Χετὴρ,

421 2741 517 2794 καὶ
563 2739 678 2794 υἱοῦ
713 2739 810 2794 τοῦ
855 2739 1048 2812 Ἀμέρ.
1083 2737 1378 2792 Λαϐόντων
1411 2737 1596 2791 τοίνυν
1620 2736 1732 2790 τῶν
1770 2736 1871 2808 μὲν
1903 2736 2022 2790 τοῦ-

422 2850 536 2897 τον,
565 2831 675 2886 τῶν
712 2832 770 2886 δὲ
814 2834 1045 2894 ἐκεῖνον,
1087 2831 1180 2885 καὶ
1216 2828 1564 2901 βουλομένων
1607 2828 1860 2882 ἑκάστων
1890 2827 2023 2898 στῆ-

422 2941 517 2977 σαι
549 2925 640 2976 τὸν
676 2923 833 2988 ἴδιον,
881 2923 1020 2994 μετὰ
1067 2922 1300 2976 θάνατον
1342 2918 1438 2973 τοῦ
1484 2937 1547 2973 τε
1594 2917 1724 2989 ’Λλῆ
1799 2917 2019 2972 καὶτοῦ

420 3016 711 3087 Μωάμεθ,
751 3017 996 3082 στάσεις,
1047 3016 1141 3068 καὶ
1194 3013 1559 3084 φιλονεικίαι,
1601 3013 1699 3068 xui.
1752 3011 2017 3083 πόλεμοι,

420 3112 518 3167 καὶ
546 3111 733 3182 χύσεις
764 3111 1018 3181 αἱμάτων
1056 3109 1223 3180 μέσον
1257 3107 1366 3161 τῶν
1393 3107 1658 3177 διαδόχων
1681 3105 1862 3160 αὐτῶν
1892 3108 2022 3177 ὲμε-
2049 3139 2093 3198 C

425 3204 753 3276 σολάϐησαν.
798 3204 960 3258 Ἀλλὰ
987 3204 1090 3273 τὴν
1116 3203 1358 3273 σήμερον
1382 3203 1434 3255 οἱ
1469 3201 1567 3270 μὲν
1591 3199 1730 3269 πρὸς
1753 3199 2021 3270 ἀλλήλους

424 3297 655 3368 πόλεμοι
713 3296 996 3361 ἔπαυσαν,
1057 3296 1088 3365 ή
1149 3294 1208 3348 δὲ
1246 3294 1566 3359 διάστασις,
1606 3292 1700 3344 καὶ
1752 3292 2020 3363 διαίρεσις

423 3391 816 3462 ἐπεκράτησε,
871 3390 974 3444 καὶ
1029 3389 1279 3459 δέχονται
1341 3390 1394 3441 οι
1450 3389 1549 3458 μὲν
1601 3387 1792 3450 τόνδε,
1864 3388 1916 3441 οἱ
1962 3387 2019 3441 δὲ

420 3481 601 3536 τόνδε.

493 3660 591 3724 Εἰς
618 3659 682 3713 τὸ
710 3656 1095 3724 ἑξακοσιοστὸν
1126 3663 1216 3723 κς¹
1245 3655 1366 3721 ἔτος
1395 3657 1506 3711 ἀπὸ
1536 3659 1639 3728 τῆς
1676 3660 1771 3714 τοῦ
1803 3660 2017 3732 Κυρίου

425 3751 761 3824 σαρκώσεως
797 3751 977 3822 ἐφάνη
1003 3751 1033 3804 6
1068 3750 1318 3821 Μωάμεθ
1352 3751 1834 3824 πεντεκαιδεκάτῳ
1862 3753 2018 3823 βασι-

421 3846 672 3910 λεύοντος
724 3844 1046 3917 Ἡρακλείου
1067 3885 1081 3910 ,
1114 3845 1210 3897 ἐπὶ
1235 3843 1333 3897 τοῦ
1365 3845 1634 3917 Χοσρόου,
1677 3847 1767 3900 ὅτε
1802 3847 2016 3922 ἡττήθη

424 3938 530 3993 ὑπὸ
573 3938 917 4010 Ἡρακλείου.
951 3935 1371 4010 Προσεκολλήθη
1403 3936 1462 3991 δὲ
1491 3937 1572 4010 τῷ
1595 3940 1898 4011 Μαχούμετ
1931 3959 2017 4007 τις

435 4031 758 4100 Ἰακωϐιτης
817 4031 1043 4102 ὀνόματι
1114 4031 1356 4103 Βαειρὲι,
1411 4033 1534 4084 ἐπεὶ
1578 4032 1744 4096 αὐτὸς
1796 4032 2017 4104 ἰδιώτης

419 4119 510 4197 ἦν,
546 4125 642 4178 καὶ
683 4125 1084 4195 ἀγράμματοςο
1133 4125 1362 4196 ὕστερον
1387 4125 1446 4178 δὲ
1488 4125 1818 4180 ἀπέκτεινεν
1851 4129 2015 4184 αὑτὸν

419 4221 451 4273 6
481 4219 779 4290 Μαχούμετ
814 4221 909 4272 τὸν
975 4219 1318 4290 Ἰακωϐίτην.
1387 4219 1556 4273 Ἀλλὰ
1608 4220 1705 4273 xui.
1766 4221 2016 4275 Ἰουδαῖοί

420 4328 588 4376 τινες,
621 4310 826 4374 Φινεὲς,
851 4313 944 4364 xui
974 4310 1145 4365 Αῦδιὰ
1171 4310 1400 4380 ὀνόματι
1432 4309 1640 4374 Σαλὼν,
1672 4312 1812 4380 μετὰ
1839 4312 2015 4367 ταῦτα

420 4396 479 4450 δὲ
509 4397 758 4450 assam
791 4398 1108 4470 εἰρημένος,
1152 4399 1252 4453 καὶ
1282 4399 1456 4468 Σελὲμ
1477 4439 1492 4465 ,
1532 4399 1583 4453 οἳ
1615 4401 1712 4453 καὶ
1751 4404 2012 4472 γεγόνασι

2203 983 2296 1037 Die
2317 993 2498 1039 autem
2520 985 2710 1055 judicli
2745 986 2976 1040 extremi
3005 988 3296 1044 contendit
3357 987 3735 1054 Multammcd.

2129 1074 2308 1130 illoseu
2359 1077 2536 1146 poenis
2594 1079 2885 1134 obnoxiqu
2946 1079 3187 1134 futurum
3244 1091 3302 1134 ut
3361 1090 3736 1151 transgresso-

2131 1183 2241 1220 rem
2286 1167 2438 1237 legis,
2466 1168 2743 1224 lsraelitas
2814 1185 2945 1224 vero
2993 1171 3045 1225 in
3093 1162 3288 1241 ignem
3344 1174 3733 1240 detrudendos,

2131 1262 2275 1328 quod
2309 1261 2452 1316 Deus
2478 1263 2598 1318 illos
2633 1262 2801 1317 multa
2834 1264 3086 1320 docuerit
3110 1266 3310 1334 quibus
3345 1281 3468 1320 cum
3528 1267 3733 1322 fuerint

2134 1354 2392 1407 increduli
2427 1363 2480 1408 et
2505 1355 2838 1440 immorigeri
2865 1397 2879 1422 ,
2912 1357 3133 1410 mternis
3177 1357 3462 1427 suppliciis
3499 1368 3555 1413 et
3603 1360 3734 1429 igne

2133 1445 2568 1516 inexstinguibili
2605 1447 2840 1502 cruciari
2903 1447 3138 1502 debeant
3186 1463 3379 1504 omnes
3436 1449 3722 1506 ['sraelitaa.

2135 1538 2482 1594 Christianos
2533 1549 2714 1594 autem
2762 1539 3088 1610 gravissima
3148 1541 3315 1595 etiam
3359 1556 3523 1611 pmna
3585 1540 3725 1596 allii-

2129 1633 2354 1702 gendos,
2383 1632 2528 1703 quod
2553 1631 2833 1688 Christum
2873 1631 3196 1688 vocaverint
3231 1633 3400 1689 Deum
3465 1634 3728 1688 incarna-

2133 1732 2272 1780 turn.
2311 1724 2490 1794 Ipsum
2555 1738 2686 1778 vero
2743 1723 3023 1780 Christum
3075 1721 3311 1779 salutem
3367 1735 3726 1780 consecutum

2125 1817 2342 1883 asserit,
2370 1820 2512 1886 quod
2576 1824 2632 1871 et
2669 1825 2896 1872 censent
2951 1816 3366 1886 ipsﬁAgareni.
3400 1814 3552 1870 Talia
3608 1817 3727 1872 l’ue-

2127 1919 2253 1964 rttnt
2280 1910 2555 1978 dogmata,
2579 1909 2898 1978 impostura:
2931 1917 2984 1961 et
3010 1907 3360 1976 SOphismata
3378 1907 3724 1964 Muhamme-

2125 2003 2338 2072 dis,qui-
2357 2018 2479 2058 cum
2505 2002 2720 2057 tandem
2750 2001 2870 2056 fato
2897 2003 3179 2065 cessisset,
3201 2010 3258 2056 et
3283 2010 3531 2056 mortuus
3557 2012 3724 2064 esset,

2123 2096 2658 2164 omnibusAgarenis
2700 2106 2959 2163 tanquam
2990 2095 3316 2166 agminibus
3377 2094 3535 2148 iactis
3586 2109 3723 2147 con-

2125 2185 2471 2240 currentibus
2495 2193 2551 2238 et
2571 2183 2998 2247 conﬂuentibus,
3035 2183 3270 2238 barbaro
3336 2181 3486 2237 luctu
3533 2192 3587 2237 et
3643 2182 3732 2236 fu-

2126 2292 2257 2332 nere
2309 2277 2460 2331 illum
2511 2285 2642 2330 sunt
2703 2277 3003 2346 prosecuti,
3061 2275 3322 2345 illumque
3376 2275 3631 2345 sepulcro
3678 2283 3735 2330 et

2127 2387 2268 2426 arca:
2305 2386 2630 2426 marmoreae
2653 2371 2970 2425 condidere.
3015 2367 3128 2422 Lex
3158 2383 3291 2438 ergo
3315 2366 3722 2424 lsmaelitarum

2125 2479 2246 2534 qua:
2271 2475 2498 2518 vocatur
2522 2464 2771 2518 Coranus
2803 2473 2858 2516 et
2883 2477 3006 2530 quae
3033 2480 3062 2514 a
3088 2461 3471 2516 Muliainmede
3527 2463 3726 2515 tradita

2124 2559 2352 2619 dicitur,
2385 2572 2491 2612 non
2543 2556 2611 2610 ab
2670 2555 2765 2610 illo
2791 2554 2905 2610 solo
2935 2553 3033 2609 fuit
3063 2556 3309 2624 exposita
3362 2562 3417 2608 et
3443 2565 3726 2619 enarrata,

2124 2651 2217 2704 sed
2254 2666 2282 2703 a
2318 2649 2642 2720 quibusdam
2678 2648 2823 2712 aliis,
2860 2646 3120 2701 nimirum
3178 2647 3262 2700 Ali
3327 2645 3729 2702 Muhaunnedis

2123 2741 2324 2810 genero
2354 2749 2408 2794 et
2429 2755 2457 2794 a
2489 2751 2697 2809 septem
2724 2739 2867 2802 aliis,
2901 2752 3095 2808 nempe
3118 2754 3146 2791 a
3167 2736 3376 2805 Naphe,
3397 2737 3467 2792 ab
3495 2737 3634 2802 Eon,
3657 2738 3728 2792 ab

2125 2838 2312 2901 Omar,
2347 2834 2413 2889 ab
2444 2835 2682 2897 Elresar,
2704 2834 2771 2888 ab
2799 2832 2957 2894 Aser,
2996 2847 3023 2884 a
3086 2832 3196 2885 ﬁlio
3219 2831 3439 2897 Cheter,
3470 2838 3525 2884 et
3554 2850 3581 2882 a
3622 2830 3731 2884 lilio

2123 2927 2307 2980 Amer.
2328 2924 2432 2978 Alii
2452 2938 2583 2979 vero
2612 2923 2760 2989 huic,
2784 2923 3028 2976 alii'vero
3049 2921 3204 2974 alteri
3238 2921 3524 2975 adhaerere
3543 2921 3730 2974 volen-

2127 3020 2297 3080 tibus.
2326 3027 2378 3072 et
2411 3025 2534 3086 post
2559 3025 2787 3071 mortem
2823 3014 2906 3068 Ali
2935 3021 2990 3068 et
3017 3011 3440 3077 Multannuedis,
3491 3011 3722 3082 singulis

2126 3128 2280 3166 suum
2300 3111 2576 3182 proprium
2597 3110 2875 3164 doctorem
2899 3121 3219 3176 promovere
3244 3107 3723 3168 contendentibus,

2128 3206 2449 3268 seditiones,
2489 3203 2728 3268 invidiae,
2769 3204 2924 3264 rixae,
2964 3200 3106 3254 bella
3125 3201 3511 3255 cruentissiina
3538 3209 3728 3254 exorta

2124 3307 2256 3352 sunt
2286 3298 2429 3351 inter
2450 3309 2821 3350 successores.
2857 3293 2966 3346 lloc
2998 3292 3219 3360 quidem
3265 3303 3509 3359 tempore
3569 3291 3715 3346 bella

2125 3396 2432 3451 cessarunt,
2466 3386 2559 3441 sed
2589 3401 2807 3454 semper
2836 3395 3156 3453 grassantur
3183 3383 3487 3438 divisiones
3519 3393 3572 3438 et
3599 3383 3716 3438 dis-

2123 3483 2342 3546 sidia,et
2370 3480 2462 3534 alii
2489 3480 2656 3545 hunc,
2694 3479 2786 3532 alii
2824 3478 3056 3532 alterum
3089 3477 3440 3546 pertinaciter
3475 3491 3720 3545 sequun-

2125 3587 2232 3629 tur.

2191 3665 2348 3720 Anno
2406 3664 2805 3720 sexcentesimo
2840 3661 3099 3716 vicesimo
3132 3669 3287 3716 sexto
3321 3659 3720 3716 lncarnationis

2119 3767 2273 3811 ortus
2293 3767 2376 3811 est
2391 3755 2756 3816 Muhaunued,
2778 3755 2990 3808 decimo
3006 3753 3198 3821 quinto
3215 3768 3358 3806 anno
3375 3752 3723 3820 imperatoris

2121 3847 2391 3914 Heraclii,
2422 3849 2525 3903 sub
2547 3847 2827 3913 Chosroe,
2855 3862 2977 3900 ctnn
2997 3845 3088 3900 hic
3113 3846 3180 3898 ab
3201 3843 3453 3899 Heraclio
3472 3845 3612 3900 bello
3631 3847 3727 3917 vi-.

2119 3949 2238 3994 ctus
2259 3950 2313 3995 et
2349 3951 2637 4008 superatus
2670 3937 2790 3992 fuit.
2820 3936 3042 3992 Sorium
3070 3949 3251 3991 autem
3283 3953 3342 3992 se
3359 3923 3730 3992 Multamnied'

2111 4032 2294 4101 juuxit
2329 4033 2628 4086 monachus
2661 4031 2877 4099 quidam
2907 4029 3177 4091 Jacobita,
3211 4030 3299 4083 cui
3325 4029 3498 4082 Bairze
3523 4044 3724 4083 nomen

2118 4135 2259 4187 erat,
2291 4125 2414 4192 quia
2445 4123 2532 4176 ille
2557 4123 2722 4176 idiota
2748 4133 2868 4175 erat
2893 4133 2947 4176 et
2979 4123 3286 4175 litterarum
3347 4121 3508 4188 plane
3547 4120 3722 4175 rudis.

2119 4216 2250 4271 Cum
2267 4230 2396 4269 vero
2411 4215 2500 4268 diu
2529 4215 2669 4267 inter
2684 4229 2745 4268 se
2769 4215 2974 4267 mutuis
2992 4211 3184 4268 ciliciis
3204 4213 3502 4266 amicitiam
3528 4213 3726 4268 coluis-

2117 4317 2260 4370 sent,
2294 4307 2506 4359 tandem
2532 4305 2679 4358 illum
2722 4305 3005 4358 interemit
3033 4304 3466 4358 Muhammedes.
3500 4304 3606 4358 Sed
3662 4315 3720 4360 et

2114 4398 2287 4454 Junci
2323 4399 2544 4467 quidam
2588 4407 2645 4451 ut
2672 4396 2909 4450 Phinees
2958 4407 3011 4450 et
3041 4396 3217 4450 Audia
3265 4396 3357 4464 qui
3424 4397 3725 4451 vocabatur

423 4489 792 4562 Σαῤῥακηνοί.
823 4491 932 4544 Καί
963 4508 1111 4555 τινες
1139 4491 1498 4562 Νεστοριανοὶ
1541 4493 1783 4563 μάλιστα
1822 4511 2017 4549 κοινω-

2130 4494 2310 4556 Salen,
2370 4491 2548 4546 socias
2623 4504 2820 4544 manus
2903 4487 3281 4542 Muhammedi
3349 4489 3719 4545 tradiderunt.

422 4585 574 4638 νοῦσι
627 4586 1006 4657 Σαρῤακηνοῖς
1050 4585 1303 4655 λέγοντες
1367 4587 1443 4657 μὴ
1496 4585 1631 4640 Θεὸν
1679 4589 2013 4659 γεγενῆσθαι

2130 4589 2234 4639 ’ost
2261 4585 2378 4639 illos
2404 4593 2607 4646 autem,
2645 4581 2871 4636 Abdalla
2901 4592 2956 4634 et
2993 4579 3177 4636 Salem
3238 4592 3402 4651 gente
3454 4581 3717 4635 Saraceni

421 4679 487 4732 ὲκ
517 4677 616 4748 τῆς
655 4678 874 4748 Μαρίας
907 4678 1189 4749 Παρθένου
1209 4719 1224 4743 ,
1255 4677 1376 4732 ἀλλ’
1409 4677 1576 4732 αὐτὸν
1621 4677 1830 4750 Ἰησοῦν
1875 4679 2012 4751 Χρι-

2130 4679 2251 4732 llius
2282 4688 2465 4748 partes
2501 4678 2674 4731 secuti
2729 4685 2877 4730 sunt.
2911 4673 2977 4728 Et
3005 4676 3236 4744 quidem
3306 4675 3472 4730 etiam
3514 4674 3718 4727 Nesto-

423 4771 572 4825 στόν.
627 4772 738 4825 Καὶ
778 4772 898 4825 τότε
937 4771 1234 4844 συνέθηκεν
1286 4773 1314 4825 6
1367 4770 1616 4842 Μωάμεθ
1667 4771 1791 4825 τινὰ
1843 4773 2011 4842 νόμου

2130 4771 2246 4822 'iani
2274 4771 2364 4840 qui
2397 4783 2585 4824 revera
2646 4785 2771 4822 cum
2815 4767 3110 4821 Saracenis
3160 4768 3387 4836 gemina
3447 4764 3718 4848 sentiunt,

421 4864 611 4935 τρόπῳ
639 4863 728 4918 διὰ
771 4865 880 4918 τῶν
911 4866 1117 4936 ἑτέρων
1147 4863 1446 4935 λαμϐάνων
1475 4864 1597 4918 τινὰ
1647 4863 1747 4934 μὲν
1807 4866 1873 4919 ἐκ
1913 4866 2015 4937 τῆς

423 4957 686 5022 Παλαιᾶς,
715 4958 838 5012 τινὰ
877 4959 934 5010 δὲ
959 4961 1024 5011 ὲκ
1046 4957 1148 5027 τῆς
1183 4957 1393 5028 Καινῆς
1435 4958 1736 5028 Διαθήκης.
1792 4958 1866 5011 Οὐ
1909 4958 2014 5029 μὴν

421 5051 544 5104 τότε
580 5052 608 5104 6
653 5049 782 5114 λαὸς
815 5051 994 5120 εἴχετο
1050 5049 1420 5120 Ἀλκοράνου,
1455 5051 1482 5102 ὁ
1510 5048 1567 5102 δὲ
1613 5048 1774 5120 Ἀλῆς
1803 5045 1872 5120 ἦν
1901 5051 2015 5111 υἱὸς

423 5143 519 5198 τοῦ
561 5143 658 5198 Ἀϐ
665 5143 802 5197 ιτελέ
810 5162 868 5215 μ.

2112 4877 2416 4921 asserentes
2451 4867 2614 4920 Deum
2647 4881 2751 4919 non
2778 4875 2964 4919 natum
3003 4881 3075 4926 ex
3113 4862 3334 4932 Virgine
3381 4859 3549 4914 Maria
3573 4903 3588 4924 .
3625 4865 3720 4918 sed

2121 4968 2326 5014 tantum
2355 4958 2537 5014 Jesum
2599 4958 2894 5012 Christum.
2929 4957 2992 5010 Et
3054 4965 3182 5009 tunc
3232 4955 3548 5024 composuit
3605 4954 3720 5009 Mu-

2125 5054 2373 5106 liainmed
2402 5053 2637 5122 aliquam
2669 5053 2804 5119 legis
2849 5052 3078 5105 formam
3118 5058 3172 5100 et
3225 5049 3524 5114 rationem,
3577 5065 3722 5117 quttu-

2125 5146 2246 5197 dam
2278 5162 2341 5198 ex
2373 5145 2497 5198 aliis
2523 5145 2824 5212 decerpens
2855 5144 2984 5196 etin
3035 5156 3203 5194 unum
3263 5141 3546 5211 colligens.
3579 5139 3714 5195 Nam

428 5254 615 5294 revera
662 5239 910 5308 quaedam
966 5237 1238 5308 congessit
1273 5254 1339 5292 ex
1400 5235 1579 5292 Veteri
1625 5235 2004 5305 Testamento,
2044 5240 2292 5307 qundam
2365 5249 2545 5294 autem
2579 5255 2647 5292 ex
2676 5237 2848 5291 Novo.
2915 5235 3068 5290 'l‘unc
3137 5250 3267 5289 vero
3321 5235 3551 5304 pupulas
3586 5249 3722 5287 non-

427 5334 554 5387 dum
583 5332 824 5389 habebat.
867 5331 1218 5398 Al-coranum,
1251 5334 1346 5387 sed
1375 5331 1522 5386 illum
1560 5342 1748 5403 postea
1823 5336 2014 5390 habuit
2054 5336 2120 5390 ab
2160 5335 2243 5389 Ali
2278 5337 2371 5406 qui
2425 5335 2524 5388 fuit
2551 5334 2696 5388 [ilius
2716 5332 3012 5388 Abitelem.

427 5468 632 5540 Μῆνες
693 5468 805 5540 τῆς
869 5467 1205 5595 (781ήῆτέςὶὲᾷ
1460 5467 1588 5537 τοῖς
1657 5469 2018 5542 Ἆγιιρηνοῒς.

499 5695 741 5760 Σαϐάλα,
777 5695 1063 5759 Σιλκαντὲ,
1111 5693 1380 5763 Σιλχιτζὲ,
1436 5694 1756 5765 Μουχερὲμ,
1821 5697 2020 5766 Σεφὲρ,

444 5789 886 5860 Ῥεμϐιουλέϐελ,
932 5786 1372 5858 Ῥεμϐιουλαχὶλ,
1419 5787 1707 5854 Τζουμαζι
1762 5789 2019 5857 Ἐλεϐὲλ,

431 5881 713 5954 Τζουμαζὶ
778 5881 1029 5952 Ἐλαχὶρ,
1087 5879 1347 5948 Ῥετζὲπ,
1398 5881 1664 5949 Σαμπᾰν,
1719 5881 2019 5952 Ῥάμαζαν.

2135 5468 2374 5524 Nomina
2464 5466 2936 5550 mensiumjunag,
2998 5466 3148 5549 apud
3190 5463 3489 5537 Agarenos.
3541 5465 3723 5526 Maius

2665 5553 2992 5607 principium
3019 5553 3166 5592 aunt.

2202 5703 2421 5766 Subula,
2479 5701 2739 5765 Silcante,
2794 5699 3074 5768 Silcltitse,
3111 5700 3446 5768 Mueller-em,
3481 5703 3715 5773 Sepher,

2137 5797 2560 5860 Rmnbiouleliel,
2599 5783 3073 5855 Iliemhioulacliil,
3128 5793 3422 5848 Twuznazi
3497 5797 3702 5862 ltlleliel,

2135 5885 2420 5940 Tsoumazi
2449 5885 2676 5951 Elachil,
2707 5884 2930 5955 lietscp,
2951 5885 3210 5956 Stilllpdtl,
3251 5885 3327 5939 Ita
3355 5902 3562 5941 uazau.
